3850 4867
386 331 435 436 tia

381 509 568 590 fortitudo
586 530 763 606 vocatum
786 539 831 590 eo
855 511 1068 618 republica
1100 511 1143 590 in
1167 509 1430 596 extremoaita
1458 521 1521 586 est
1568 505 1655 582 Sint
1671 527 1775 591 eane,

381 637 568 740 quoniam
594 637 647 713 ita
673 663 712 714 se
737 661 859 712 morea
888 635 1062 726 habent,
1098 635 1270 712 liberales
1296 661 1343 712 ex
1364 633 1556 710 sociorum
1591 628 1776 716 somnis,

379 761 459 836 nint
478 759 735 840 misericorder
761 759 803 836 in
822 759 973 836 furibus
998 759 1150 834 aerarii:
1173 785 1224 836 ne
1254 759 1331 834 illia
1355 756 1582 864 sanguinem
1607 770 1778 832 nostrum

380 882 617 990 largiantur;
649 901 688 962 et
715 884 810 961 dum
834 884 969 990 paucis
990 883 1178 960 secleratis
1198 897 1387 989 pareunt,
1410 882 1531 958 bonor
1551 879 1675 956 omnia
1699 904 1778 983 per-

380 1005 509 1084 ditum
524 1024 624 1086 eant
655 1011 755 1086 Bene
773 1025 812 1086 et
828 1009 1036 1114 composite
1057 1010 1096 1085 G
1116 1010 1238 1086 Caesar
1253 1007 1387 1114 paullo
1411 1022 1501 1083 ante
1519 1005 1564 1082 in
1582 1001 1660 1080 hoe
1680 1001 1777 1079 ordi·

379 1157 430 1208 ne
449 1132 498 1209 de
520 1133 599 1210 vita
628 1148 668 1209 et
696 1147 819 1209 morte
843 1131 1051 1228 disseruit3
1081 1131 1196 1209 credo
1231 1130 1326 1208 falsa
1350 1131 1581 1208 existumans
1603 1155 1670 1220 ea,
1698 1151 1779 1231 qum

379 1253 427 1332 de
451 1255 581 1332 inferis
601 1272 884 1332 memorantur:
910 1256 1059 1333 divorte
1081 1256 1218 1334 itinere
1235 1255 1355 1333 maiar
1375 1281 1399 1333 a
1423 1255 1535 1332 bonis
1561 1253 1645 1330 loen
1667 1267 1777 1328 tetra,

379 1378 544 1470 inculta,
566 1379 669 1456 foeda
702 1396 819 1484 atque
837 1380 1081 1460 formidolosa
1100 1379 1250 1456 habere.
1284 1383 1418 1484 ltaque
1437 1377 1585 1454 eenauit
1599 1375 1778 1482 pecunias

379 1529 513 1579 eorum
528 1504 813 1608 publicandar‚·
832 1504 930 1610 ipsos
959 1531 1030 1609 per
1052 1504 1264 1610 municipia
1290 1506 1334 1582 in
1357 1502 1538 1580 custodiis
1565 1499 1780 1591 habendam

378 1626 554 1702 videlieet
573 1628 727 1718 timens,
751 1653 818 1720 ne,
848 1628 880 1704 si
913 1631 1043 1704 Romoe
1062 1628 1158 1720 aiut,
1182 1645 1252 1705 aut
1277 1656 1299 1703 a
1321 1627 1574 1734 popularibus
1604 1625 1780 1702 aonium·

269 1837 277 1852 ,
381 1751 494 1827 tionis
520 1768 588 1827 aut
612 1779 635 1827 a
654 1751 904 1830 multitudine
924 1751 1114 1829 conducta
1137 1751 1305 1856 pervim
1324 1751 1548 1857 eripiantur.
1583 1749 1706 1848 Quasi
1723 1775 1780 1823 ve·

379 1902 423 1951 ro
436 1877 528 1952 mali
546 1893 661 1982 atque
680 1875 823 1954 scelesti
843 1875 1110 1952 tantummodo
1132 1875 1175 1950 in
1193 1875 1309 1966 urbe,
1334 1892 1372 1952 et
1389 1901 1471 1951 non
1493 1903 1564 1980 per
1579 1877 1780 1952 tatamlta·

378 2000 472 2077 liam
493 2001 587 2096 sint3
612 2018 778 2078 autnon
799 2001 853 2076 ibi
877 2000 965 2106 plus
991 1999 1108 2105 poerit
1126 1999 1310 2089 audacia,
1334 1998 1403 2076 ubi
1425 1997 1475 2074 ad
1494 1998 1779 2076 defendendum

378 2149 466 2230 opes
482 2125 655 2201 minores.
693 2123 824 2222 Quare
842 2151 988 2200 vanum
1016 2123 1196 2227 equidem
1218 2123 1293 2200 hac
1314 2123 1518 2203 consilium
1534 2140 1607 2215 est,
1630 2123 1664 2200 ai
1681 2123 1780 2229 peri·

377 2249 511 2324 culum
531 2273 577 2324 ex
600 2248 675 2322 illis
696 2247 852 2340 metuit;
882 2248 941 2322 sin
971 2249 1013 2324 in
1042 2265 1150 2322 tanto
1175 2249 1351 2324 omnium
1372 2262 1479 2325 metu
1499 2246 1601 2323 solus
1627 2275 1712 2324 non
1735 2247 1779 2321 ti·

377 2387 475 2467 met;
498 2397 543 2448 eo
564 2370 682 2476 magis
705 2371 820 2448 refert
837 2397 898 2446 me
923 2369 1022 2447 mihi
1041 2388 1158 2475 atque
1179 2371 1284 2446 vobis
1307 2371 1448 2448 timere
1498 2373 1630 2472 Quare
1657 2398 1779 2475 quum

376 2494 425 2570 de
444 2497 482 2566 P.
503 2492 667 2569 lentulo
687 2494 893 2597 ceterisque
924 2496 1110 2587 statuatis,
1134 2503 1204 2599 p'ro
1225 2511 1329 2572 nerto
1352 2493 1547 2587 habetata,
1571 2521 1635 2574 voe
1663 2494 1778 2572 simul

376 2615 425 2692 de
445 2617 611 2692 exercitu
632 2617 806 2692 Catilinae
828 2633 868 2694 et
889 2617 936 2694 de
952 2619 1131 2694 omnibus
1147 2618 1355 2694 coniuratis
1371 2617 1583 2696 decernere
1619 2619 1777 2718 Quanta

376 2765 442 2816 vos
466 2740 647 2816 attentius
670 2767 714 2816 ea
730 2740 862 2846 agetis,
889 2757 997 2818 tanto
1018 2742 1094 2818 illis
1114 2743 1266 2818 animur
1288 2741 1479 2824 infirmior
1498 2744 1589 2834 erit,
1611 2744 1643 2820 si
1667 2745 1778 2849 paui.

377 2862 506 2940 lulum
534 2864 648 2942 modo
675 2891 739 2940 vos
762 2865 942 2971 languere
966 2865 1150 2957 viderint,
1179 2866 1265 2944 iam
1285 2893 1415 2944 omnes
1437 2867 1578 2946 feroces
1601 2869 1774 2948 aderunt

376 3101 422 3150 tur
437 3091 470 3151 in
483 3089 581 3150 Turio.
602 3109 628 3148 ι.
654 3087 754 3148 cerari.
775 3087 860 3148 Bern.
874 3088 904 3160 ,4.
925 3088 972 3149 illi
983 3087 1157 3170 aubertinam
1186 3089 1256 3151 vin.
1268 3109 1296 3152 a.
1317 3089 1379 3156 Bas.
1395 3110 1422 3151 a.
1440 3088 1492 3152 Ae.
1510 3091 1608 3153 Struv.
1629 3090 1728 3154 Gueli.
1745 3093 1773 3164 Α.

379 3217 425 3258 ιο.
445 3195 527 3256 Leid.
542 3195 569 3254 k.
582 3195 669 3272 salsa
682 3194 781 3254 eredo.
802 3193 843 3254 ita
865 3194 958 3256 edidit
971 3195 1053 3256 Gort.
1071 3215 1106 3255 ex
1121 3195 1251 3278 ingenio.
1270 3195 1304 3255 in
1317 3195 1455 3259 eustodti‘r
1468 3200 1552 3264 omia
1568 3197 1715 3258 Commel.
1743 3198 1774 3258 in

375 3299 509 3361 anatoclia
528 3299 609 3360 Laid.
624 3299 650 3356 k.
680 3297 814 3358 videlieet
830 3297 947 3373 timent,
968 3311 1001 3361 ut
1023 3310 1075 3360 aut
1091 3322 1111 3360 α
1122 3322 1190 3384 ρορ.
1211 3301 1308 3364 Guelf.
1324 3305 1351 3364 5.
1373 3303 1519 3366 Commel.
1536 3301 1607 3373 Nar.
1640 3305 1773 3365 videlieet

375 3425 438 3464 non
452 3405 509 3464 init
526 3406 559 3463 in
573 3405 661 3464 Palat.
677 3406 705 3465 3.
728 3403 778 3463 vel
791 3402 895 3466 ὶὺηιηε
922 3407 1020 3469 Struv.
1048 3427 1151 3468 verum
1167 3408 1230 3468 tim.
1261 3407 1396 3481 Palat'i.
1424 3420 1458 3469 ut
1472 3410 1578 3470 timent
1604 3408 1701 3470 Gueli.
1727 3431 1771 3470 ιο.

375 3508 481 3569 timens
493 3510 577 3567 omia.
606 3507 668 3572 Bas.
687 3528 712 3566 ι.
738 3516 767 3566 et
781 3527 843 3568 non
851 3529 915 3589 per.
936 3519 966 3572 et
980 3531 1041 3571 om.
1064 3533 1140 3572 unua
1156 3512 1208 3578 lib.
1230 3513 1318 3585 nivii,
1337 3513 1435 3574 Guaif.
1451 3515 1479 3574 5.
1496 3513 1525 3574 6.
1556 3514 1770 3576 minoratum.

374 3611 434 3671 rint
459 3611 544 3675 Bern.
557 3631 584 3670 a.
605 3611 689 3671 Febr.
705 3633 730 3670 1.
750 3610 812 3672 Bar.
826 3613 856 3684 4.
877 3612 955 3674 delet
971 3615 1032 3675 Bar.
1050 3637 1075 3674 r.
1096 3617 1250 3680 eonsilium
1260 3626 1310 3678 eat.
1330 3625 1372 3678 est
1386 3638 1446 3678 om.
1461 3617 1560 3678 Guels.
1576 3639 1622 3680 ro.
1643 3630 1770 3680 means.

374 3715 459 3778 Bern.
472 3721 500 3778 3.
518 3714 567 3774 ain
583 3715 626 3773 in.
642 3715 669 3774 ri
682 3735 784 3777 omnes
799 3717 892 3779 Cortii
908 3719 1005 3779 Codd.
1025 3720 1105 3783 Iaeid.
1120 3724 1177 3805 ig.
1189 3743 1230 3782 m.
1244 3743 1276 3782 n.
1301 3721 1394 3784 Mark.
1404 3735 1434 3788 r·
1455 3742 1559 3784 omuea
1573 3722 1636 3790 Bae.
1654 3723 1724 3784 Tur.
1745 3745 1768 3789 ι.

376 3841 404 3882 2.
424 3820 510 3881 Bern.
525 3841 551 3879 ι.
572 3821 662 3896 refert
678 3811 724 3880 m'e
738 3821 821 3882 milri
844 3843 890 3884 me
906 3827 992 3886 omia
1010 3830 1113 3890 incert
1127 3850 1153 3888 ι.
1181 3827 1279 3888 Guelf.
1294 3847 1322 3888 a.
1335 3827 1364 3888 ὅ.
1378 3828 1407 3888 6.
1425 3849 1454 3910 7.
1474 3827 1556 3890 Laid.
1569 3850 1609 3894 m.
1632 3831 1706 3890 naihi
1725 3852 1778 3890 me

373 3925 471 3988 Gueli.
484 3945 512 3990 a.
532 3927 592 3986 ine.
607 3945 635 3985 a.
656 3943 724 3986 eum
737 3928 775 3987 de
787 3928 896 3988 lentulo
916 3929 979 3991 Bar.
995 3951 1021 3991 ι.
1049 3933 1197 4010 infirmior
1212 3933 1278 3993 erit.
1297 3933 1354 3994 erit
1374 3933 1473 3995 Guelf.
1485 3954 1515 4014 9.
1535 3935 1567 3995 in
1585 3938 1725 4017 nurgine,
1737 3939 1768 3996 in

372 4027 458 4096 Febr.
469 4051 498 4092 a.
518 4033 618 4090 lorum
634 4039 736 4092 mutat.
756 4032 909 4112 paululum
928 4038 1027 4097 modo.
1059 4039 1149 4098 modo
1168 4037 1249 4098 ebat
1266 4037 1317 4103 Aa.
1338 4039 1398 4099 ine.
1416 4059 1443 4098 a.
1462 4037 1545 4098 leid.
1556 4036 1588 4104 h.
1606 4039 1636 4100 ri
1648 4039 1780 4102 itaerant-

371 4135 458 4198 rubr.
478 4136 566 4200 nivii.
586 4133 704 4216 August.
726 4135 790 4198 civ.
799 4137 837 4196 D.
851 4139 879 4198 5.
899 4158 945 4199 ra.
967 4161 1021 4201 nor
1034 4136 1212 4202 haberemur.
1232 4161 1358 4204 norom.
1380 4141 1448 4204 Ecc.
1468 4141 1767 4228 Acad.ine.·2.p1a-

368 4249 416 4304 rei
428 4243 540 4305 Wauii.
557 4259 611 4302 nor
623 4259 689 4304 eam
717 4239 785 4324 Trg.
806 4242 897 4304 Mart
907 4255 935 4308 r.
956 4243 1026 4306 Tur.
1042 4264 1070 4306 a.
1091 4245 1177 4308 Bora.
1192 4267 1218 4308 ι.
1239 4245 1335 4308 maior
1351 4247 1436 4328 copia
1454 4247 1537 4310 nebu
1569 4245 1631 4327 Bra.
1650 4270 1677 4313 ι.
1689 4251 1720 4317 3.
1737 4257 1765 4324 ⁴.
