3850 4867
422 339 495 413 270

421 493 493 581 cit,
518 494 576 568 uti
598 520 647 569 ne
673 493 821 567 inimici
850 492 1008 595 quidem
1028 491 1101 566 lari
1128 494 1334 594 quicquam
1358 489 1544 578 audeant,
1573 486 1647 561 nisi
1667 484 1713 563 de
1729 509 1802 559 ma·
1869 549 1870 564 ,

418 617 623 720 ‘gnitudine
654 632 745 690 tua:
770 616 869 720 quin
895 632 938 691 tu
963 616 1092 719 accipe
1122 642 1187 703 ea,
1210 638 1296 716 quae
1317 613 1444 689 dicam
1464 612 1513 687 dc
1531 637 1678 687 summa
1701 633 1805 717 repu-

422 740 532 815 blica.
567 740 665 837 Quae
686 736 856 845 prolecto
877 755 946 814 aut
967 740 1055 813 vera
1082 737 1265 826 invenies,
1290 729 1359 811 aut
1380 734 1481 811 certe
1499 732 1607 810 haud
1635 732 1765 838 procul
1786 758 1806 805 a

396 890 520 949 vero.
556 858 628 939 ssd
649 864 833 966 quoniam
855 866 922 939 Cn.
947 862 1146 965 Pompeius
1173 878 1242 936 aut
1260 859 1381 935 animi
1410 860 1616 964 pravitate,
1636 874 1705 934 aut
1725 856 1808 958 quia

422 986 523 1061 nihil
543 1014 588 1063 eo
610 988 768 1077 maluit,
792 985 896 1089 quod
920 984 991 1059 tibi
1012 985 1171 1073 obesset,
1196 984 1250 1057 ita
1268 983 1396 1087 lapsus
1408 998 1477 1070 est,
1499 998 1545 1056 ut
1559 980 1730 1057 hostibus
1743 978 1809 1053 tela
1869 1055 1870 1058 ,

423 1111 465 1185 in
489 1136 625 1185 manus
651 1112 811 1185 iaceret:
849 1109 988 1211 quibus
1019 1108 1084 1183 ille
1115 1108 1226 1215 rebus
1255 1106 1532 1210 rempublicam
1557 1102 1812 1189 conturbavit,

421 1234 562 1311 eisdem
580 1234 650 1307 tibi
675 1232 952 1309 restituendum
971 1249 1034 1307 est
1074 1230 1245 1305 Primum
1267 1230 1442 1305 omnium
1456 1256 1646 1332 summam
1661 1244 1813 1334 potcsta-

424 1374 500 1433 tem
522 1356 746 1433 moderandi
772 1356 818 1431 de
840 1354 1108 1459 vectigalibus,
1132 1354 1366 1458 sumptibus,
1395 1352 1565 1444 iudiciis,
1588 1351 1814 1427 senatoribus

423 1480 553 1583 paucis
576 1478 758 1570 tradidit3
781 1477 931 1580 plebem
958 1478 1186 1564 Romanam,
1212 1476 1321 1550 cuius
1351 1493 1462 1551 antea
1484 1501 1632 1551 summa
1663 1491 1814 1580 potestas

424 1619 527 1691 erat,
552 1628 696 1703 nosque
714 1599 774 1675 his
797 1600 952 1703 quidem
975 1600 1121 1703 legibus
1142 1600 1183 1674 in
1203 1600 1384 1674 servitute
1403 1600 1569 1702 reliquit
1604 1600 1751 1675 Iudicia
1765 1616 1815 1673 ta-

424 1724 553 1813 metsi,
577 1725 676 1798 sicut
697 1741 829 1813 antea,
856 1724 978 1797 tribus
1002 1722 1203 1798 ordinibus
1232 1722 1371 1797 tradita
1402 1740 1515 1827 sunt3
1548 1740 1676 1799 tamen
1710 1723 1815 1798 iidem
1869 1695 1870 1788 l

425 1850 482 1923 illi
513 1848 658 1923 factiosi
693 1862 846 1949 regunt,
871 1847 986 1936 dant,
1010 1846 1206 1936 adimunt,
1231 1872 1317 1947 quae
1343 1845 1473 1921 lubet:
1510 1846 1730 1924 innocentes
1753 1848 1816 1923 cir·

425 1966 692 2060 cumveniunt3
716 1994 801 2043 suos
822 1969 871 2043 ad
888 1967 1075 2043 honorem
1095 1968 1294 2043 extollunt.
1331 1970 1416 2043 Non
1442 1969 1609 2059 facinus,
1634 2000 1716 2047 non
1739 1998 1816 2076 pro

425 2098 540 2171 hrum
577 2112 645 2167 aut
678 2091 867 2195 flagitium
905 2092 1051 2176 obstat,
1088 2118 1166 2191 quo
1210 2091 1338 2166 minus
1371 2079 1611 2197 magistratus
1643 2097 1813 2200 capiant,

425 2246 519 2323 quos
551 2216 794 2291 commodum
827 2230 908 2302 est,
947 2208 1134 2302 trahunt,
1171 2215 1354 2316 rapiunt:
1391 2232 1603 2317 postremo,
1639 2235 1815 2323 tanquam

425 2345 521 2417 urbe
543 2358 671 2444 capta,
696 2339 871 2413 lubidine
893 2364 937 2411 ac
956 2338 1111 2411 licentia
1132 2362 1200 2411 sua
1220 2364 1291 2440 pro
1313 2336 1459 2440 legibus
1480 2357 1656 2416 utuntur.
1691 2350 1815 2419 Acme

426 2466 582 2569 quidem
613 2461 811 2537 mediocris
841 2460 951 2535 dolor
986 2476 1167 2564 angeret,
1202 2462 1234 2534 si
1265 2460 1407 2537 virtute
1446 2480 1598 2566 partam
1627 2468 1814 2542 victoriam

330 2610 332 2617 ’
427 2615 532 2663 more
565 2614 632 2661 suo
668 2613 736 2689 per
758 2584 952 2659 servitium
989 2600 1212 2657 exercerent
1259 2584 1332 2659 Sed
1363 2570 1537 2662 homines
1572 2590 1813 2675 inertissumi‚

426 2738 592 2813 quorum
610 2709 732 2783 omnis
752 2709 806 2783 vis
836 2706 1031 2808 virtusque
1062 2706 1104 2779 in
1128 2706 1260 2810 lingua
1285 2708 1355 2782 sita
1375 2724 1448 2798 est,
1473 2709 1571 2785 forte
1595 2730 1712 2816 atque
1733 2715 1814 2789 alte-

425 2834 503 2909 rius
539 2832 708 2907 socordia
740 2830 1042 2905 dominationem
1076 2830 1243 2905 oblatam
1276 2830 1476 2906 insolentes
1515 2834 1670 2938 agitant
1727 2840 1812 2913 Nam

429 2979 514 3061 quoe
538 2956 670 3030 seditio
695 2981 739 3028 ac
761 2954 937 3029 dissensio
963 2952 1084 3027 civilis
1116 2968 1174 3028 tot
1195 2981 1370 3057 unquam
1401 2954 1558 3032 illustris
1583 2958 1747 3037 familias
1771 2960 1812 3035 ab

427 3081 543 3185 stirpe
572 3079 730 3153 evertit?
763 3094 832 3151 aut
855 3104 1023 3179 quorum
1048 3102 1234 3179 umquam
1263 3077 1421 3152 victoria
1443 3080 1595 3156 animus
1623 3100 1703 3159 tam
1730 3108 1812 3189 pras·

401 3230 513 3309 seeps
537 3220 690 3307 tamque
714 3199 984 3276 immoderatus
1003 3199 1102 3275 fuitl
1140 3204 1180 3274 L
1197 3200 1319 3290 Sulla,
1344 3202 1409 3276 cui
1440 3205 1570 3278 omnia
1599 3207 1641 3281 in
1668 3208 1810 3283 victoria

429 3330 507 3434 lege
525 3327 616 3402 belli
637 3326 847 3415 licuerunt,
869 3324 1016 3399 tametsi
1032 3317 1221 3427 supplicio
1242 3322 1410 3399 hostium
1428 3343 1553 3429 partes
1573 3332 1660 3405 suas
1680 3307 1810 3407 muniri

428 3451 691 3553 intellegebat:
725 3464 878 3539 tamen,
911 3447 1043 3552 paucis
1065 3445 1289 3539 interfectis,
1324 3465 1463 3524 ceteros
1489 3452 1677 3531 beneficio
1708 3482 1810 3561 quam

427 3590 533 3649 metu
552 3574 714 3645 retinere
731 3570 877 3645 maluit
914 3573 966 3644 At
986 3568 1143 3645 hercule
1161 3595 1269 3646 nunc
1288 3596 1379 3646 cum
1400 3574 1565 3665 Catone,
1589 3580 1629 3650 L
1642 3580 1808 3666 Domitio

427 3832 474 3853 .-
497 3798 570 3879 Cap.
583 3820 609 3859 a.
630 3799 737 3859 virtute
753 3806 806 3858 tuo
823 3796 934 3876 cogitas
952 3794 1038 3860 Febr.
1048 3807 1082 3876 ct
1096 3796 1170 3860 Brio.
1191 3807 1225 3859 tu
1239 3799 1338 3881 accipe
1350 3802 1391 3861 ita
1406 3820 1508 3862 omnes
1520 3803 1599 3865 libri.
1619 3818 1674 3868 ortt
1689 3829 1758 3871 vero
1769 3807 1808 3868 iu·
1869 3821 1870 3874 l

428 3905 521 3967 venies
536 3914 568 3963 tu
587 3906 709 3973 omiss03
725 3903 765 3960 ita
775 3900 871 3962 Codd.
884 3932 927 3947 —
948 3897 1022 3980 Cap
1036 3904 1064 3963 3.
1084 3902 1163 3961 nihil
1176 3922 1210 3963 co
1225 3904 1329 3965 munit
1341 3908 1421 3985 quod
1435 3906 1489 3965 tibi
1506 3908 1610 3969 obesset
1629 3910 1727 3981 codd.
1746 3910 1808 3974 ubl
1869 3895 1870 3952 l

429 4009 533 4070 mauu
550 4028 638 4088 qrtom
656 4008 734 4085 quod
753 4008 852 4087 vulgo.
869 4004 981 4084 pletum
995 4004 1163 4066 Romnum
1173 4006 1276 4069 Carrio
1292 4028 1327 4068 cx
1340 4010 1507 4071 coniectura
1518 4014 1651 4075 restituit.
1667 4019 1745 4099 plebe
1756 4018 1806 4079 llo·
1869 4019 1870 4090 l

429 4134 521 4175 mona
532 4116 631 4195 vulgo.
651 4128 741 4189 neque
759 4108 783 4168 ir
802 4112 900 4189 vulgo.
921 4128 1028 4185 nosque
1041 4108 1087 4169 lu'a
1106 4108 1218 4177 Carrio.
1237 4131 1276 4173 ns
1289 4112 1387 4193 oequb
1398 4114 1516 4192 qudem
1534 4117 1628 4179 Vatis.
1653 4142 1725 4202 quos
1737 4144 1805 4187 mm
1869 4189 1870 4198 χ

430 4220 551 4281 modum
568 4228 608 4278 est
629 4214 749 4289 Carrio,
763 4213 861 4273 nuso
874 4231 913 4273 ur
927 4216 962 4272 αι’
975 4210 1074 4273 Codd.
1092 4218 1171 4291 quod
1189 4218 1290 4299 volgo.
1307 4250 1350 4267 -
1371 4215 1444 4301 cap.
1456 4220 1486 4293 l.
1515 4241 1596 4285 nuuc
1612 4245 1681 4289 mm
1697 4226 1800 4291 Cusus
1869 4207 1870 4302 l
