3850 4867
1522 368 1567 443 ¹9

585 550 715 627 Oratio
742 548 922 627 Catilinae.
945 550 1053 653 (cap.
1069 544 1154 645 58.)

256 692 445 775 Nequiquam
463 720 484 739 ·
501 689 595 751 officit
613 724 633 739 -
651 691 797 771 uobisque
812 690 925 752 cladem
945 722 965 737 ··
985 710 1046 771 quo
1060 692 1129 748 loeo
1148 715 1168 733 -
1185 682 1284 744 omnis
1297 678 1490 763 intelligitis·
1509 675 1566 737 ed·

166 788 329 875 pedimini
348 821 368 838 ··
385 788 474 851 voltis
492 818 512 835 ··
531 789 740 847 ismuumum
754 798 799 847 est
816 817 836 835 ·
855 797 987 847 restumo.

435 932 565 1006 Oratio
589 932 760 1030 Micipsae
785 924 837 1007 acl
860 934 1088 1033 lagartitam
1112 926 1216 1031 (cap.
1238 928 1310 1027 ιο.)

248 1073 289 1135 'l'e
308 1070 456 1154 iugurtha
475 1103 495 1119 -
515 1090 639 1152 regnum
661 1094 760 1131 meum
780 1104 800 1120 -
819 1073 977 1134 oneraristi
995 1102 1015 1119 -
1042 1071 1119 1130 iuter
1140 1070 1278 1127 mortales
1293 1076 1337 1125 est
1354 1096 1373 1114 -
1390 1065 1456 1125 vitre
1473 1065 1564 1125 {inem

166 1170 241 1230 iecit
259 1200 278 1217 -
296 1168 486 1248 obtestorque
511 1177 538 1225 te
557 1200 576 1213 -
594 1168 780 1229 inbecillum.
1532 1176 1535 1181 '

442 1312 573 1387 Oratio
599 1312 814 1387 Atherbaiis
839 1318 877 1387 in
901 1312 1047 1389 Senatu
1073 1309 1177 1411 (cap.
1208 1308 1284 1403 14.)

248 1456 312 1513 Vos
336 1452 482 1513 adfinium
511 1457 578 1512 loco
597 1484 616 1500 -
636 1474 720 1533 posse
745 1454 860 1513 arabis
885 1474 951 1513 aux.
971 1485 990 1500 -
1017 1454 1054 1511 iis
1075 1450 1186 1510 tinibus
1204 1455 1314 1525 ejectus
1333 1476 1352 1492 -
1368 1442 1528 1527 suphscem
1547 1473 1566 1491 -

165 1547 268 1607 liberis
284 1551 426 1629 regnique
446 1582 465 1595 -
485 1569 640 1629 nunquam
666 1570 734 1631 ergo
755 1580 773 1596 ·-
793 1550 885 1609 isdem
909 1548 986 1607 dolis
1006 1547 1137 1626 nunquit
1154 1575 1173 1591 ·
1194 1546 1250 1602 tuti
1266 1564 1368 1602 sumus
1385 1545 1417 1601 in
1436 1575 1456 1589 -
1476 1541 1567 1598 bene-

164 1646 232 1704 ficis
251 1648 311 1704 suis
328 1655 407 1703 ratus
427 1655 470 1703 est
495 1678 514 1691 -
544 1656 596 1704 eut
616 1666 676 1726 quo
695 1646 831 1725 potissim
858 1676 877 1691 ·
906 1646 1092 1724 propinquos
1119 1674 1138 1689 -
1166 1650 1294 1714 ceteros,
1312 1641 1407 1699 elium
1428 1670 1446 1685 -
1466 1638 1566 1695 auium

162 1750 212 1799 est
229 1770 249 1789 -
266 1742 338 1800 mali
356 1740 509 1799 accidisset
527 1771 547 1788 ·
566 1744 632 1801 exul
652 1772 670 1785 -
690 1752 811 1821 expecto
832 1741 891 1818 (ita
911 1740 1046 1819 semper)
1066 1771 1085 1786 -
1104 1760 1163 1799 neu
1185 1737 1294 1799 stedera
1311 1768 1331 1783 -
1350 1746 1529 1795 transvorsos
1549 1762 1567 1779 -
1660 1760 1664 1769 ¹

162 1836 276 1916 quoius
291 1839 386 1917 impio
405 1868 425 1882 -
444 1856 482 1893 ne
499 1838 566 1909 ille,
588 1839 639 1916 qui
658 1858 740 1895 nunc
757 1869 777 1884 -
796 1838 847 1895 sed
861 1836 959 1895 omnis
979 1834 1031 1893 has
1050 1866 1070 1882 -
1089 1846 1186 1916 patres
1205 1856 1232 1894 c.
1250 1833 1402 1894 subvenite
1421 1862 1441 1879 ·
1460 1831 1567 1890 misero

49 1992 55 2001 ,
165 1927 245 1989 mihi
265 1932 407 2009 (omissa,
427 1952 491 2011 quae
508 1934 541 1991 iu
560 1934 666 1991 steteris
687 1932 772 1991 codd.
790 1933 964 2011 interposita
982 1930 1082 2008 sunt.)

269 2076 398 2151 Oratio
429 2079 466 2150 O.
491 2079 643 2151 Memmi
669 2080 730 2151 Tr.
756 2080 818 2152 Pt
840 2078 893 2151 ati
911 2078 1088 2177 populum
1111 2075 1216 2149 Rom
1241 2072 1345 2176 (cap.
1367 2074 1442 2171 δι.)

247 2214 374 2275 Obviam
394 2216 436 2275 ire
455 2219 593 2295 potentiae
613 2218 750 2277 factionis
769 2248 789 2263 -
807 2218 847 2276 tt.
860 2218 946 2277 Fulvi
960 2216 1066 2276 cadem
1086 2213 1250 2274 -honores
1269 2234 1331 2273 nou
1346 2213 1455 2295 praedas
1472 2212 1567 2274 habe-

111 2330 118 2341 ·
160 2321 233 2371 rent
252 2342 271 2359 ·
289 2312 348 2371 Vos
364 2314 396 2371 in
414 2313 539 2391 imperio
561 2314 624 2370 uati
646 2345 664 2359 -
684 2311 722 2371 At
737 2314 790 2392 qui
806 2324 876 2371 suut
896 2314 918 2371 ii
938 2344 957 2360 -
977 2313 1200 2371 sceleratissumi
1220 2342 1239 2357 -
1259 2317 1362 2390 ltaque
1377 2331 1466 2391 qaam
1482 2313 1566 2391 quis-

162 2426 226 2489 que
244 2438 263 2453 -
282 2410 379 2468 omnis
401 2408 480 2467 idem
498 2428 605 2489 cupere
617 2440 636 2456 ·
655 2430 757 2467 curam
779 2410 921 2468 libertatis
941 2440 960 2455 ·
974 2410 1068 2489 magis
1092 2407 1174 2468 vobis
1202 2410 1300 2467 iecisse
1320 2440 1339 2454 ·
1358 2418 1464 2467 eterna
1480 2406 1567 2466 solli-

161 2502 268 2563 citudo
288 2535 308 2552 ·
322 2506 499 2587 intellegetis
519 2537 538 2552 -
558 2507 742 2586 impunitum
767 2508 909 2565 amittatis
928 2537 947 2553 -
966 2506 1046 2565 serari
1065 2536 1084 2551 -
1103 2506 1162 2564 nisi
1179 2504 1370 2565 vindicantur
1388 2537 1407 2552 ··
1426 2504 1499 2584 quid
1519 2524 1567 2563 re·

161 2600 269 2659 licum.

319 2697 449 2772 Oratio
477 2699 515 2773 O.
540 2700 645 2773 Mari
670 2698 775 2773 Cous.
799 2698 851 2771 ad
869 2700 1045 2799 populum
1069 2698 1173 2773 Rom.
1199 2708 1304 2800 (cap.
1321 2697 1403 2795 55.)

246 2834 315 2895 Non
333 2836 426 2897 isdem
446 2869 465 2883 ·
486 2838 615 2896 maximo
634 2848 728 2897 restro
744 2836 889 2896 beneficio
907 2869 927 2884 ··
946 2857 1011 2895 mea
1029 2834 1172 2894 beneficia
1185 2837 1218 2893 in
1239 2855 1300 2893 rem
1320 2835 1473 2915 publicam
1494 2854 1567 2917 pro-

159 2930 277 2992 cedunt
295 2964 315 2979 -
340 2934 547 3013 imperatorem
566 2934 691 3011 jussistis
711 2964 730 2981 ··
756 2931 864 3013 probra
884 2931 1070 3010 objiciuntur
1087 2962 1107 2978 ·
1137 2952 1172 2991 ex
1188 2944 1281 2990 matre
1297 2930 1399 2991 Albini
1418 2963 1437 2979 -
1458 2934 1568 2993 iaciant

158 3032 237 3087 item
258 3060 277 3076 -
296 3027 357 3089 haec
373 3050 425 3109 por
443 3031 495 3088 illa
514 3031 579 3109 cepi
600 3062 618 3075 -
637 3030 679 3088 ita
697 3050 786 3089 seres
803 3028 915 3088 habent
933 3060 952 3076 -
971 3030 1106 3109 inopiam
1123 3032 1216 3089 fateor
1229 3028 1428 3088 -facundiam
1442 3040 1471 3087 et
1481 3050 1567 3088 com·

158 3126 294 3207 positam
319 3156 339 3173 ·
358 3138 474 3207 egomet
490 3127 628 3207 plurimis
646 3124 796 3185 laboribus
815 3159 834 3173 -
863 3124 1031 3205 praesidium
1052 3129 1162 3207 agitare
1182 3158 1201 3173 -·
1225 3128 1373 3185 incultum
1397 3124 1530 3186 moribus
1549 3157 1567 3173 -

157 3223 259 3304 pretii
273 3242 383 3301 eoqum
403 3222 578 3282 -sudorem
598 3231 627 3280 et
645 3223 703 3279 elia
722 3224 794 3282 teliu
809 3222 999 3301 -turpissimi
1016 3220 1164 3281 bonorum
1184 3252 1203 3268 -
1222 3220 1335 3280 bouum
1354 3223 1490 3280 animum
1508 3220 1567 3280 ha-

158 3320 232 3379 bete
250 3350 269 3366 -
288 3328 318 3378 et
338 3317 518 3378 mehercules
537 3350 557 3366 -
576 3319 674 3379 autin
694 3321 795 3398 praelio
814 3350 833 3365 -
852 3318 970 3377 Etenim
989 3338 1079 3378 nemo
1100 3319 1227 3401 ignaria.

340 3465 471 3540 Oratio
497 3466 535 3537 L.
561 3465 691 3541 Soita
717 3464 770 3537 ati
792 3464 929 3565 Regem
953 3466 1149 3539 Bocoiutm
1175 3464 1278 3566 (cap.
1293 3467 1403 3581 1¹⁰²‘i

245 3606 353 3687 Magna
367 3607 467 3667 letitia
485 3636 505 3653 ··
525 3607 676 3686 tutiusque
695 3604 751 3661 reti
771 3634 789 3649 -
807 3602 878 3662 dein
895 3606 967 3684 quia
983 3616 1118 3685 parentes
1137 3635 1156 3651 -
1175 3604 1306 3663 demitte.

391 3757 522 3833 Oratio
545 3759 589 3832 R
615 3759 759 3831 Bocchi
782 3756 835 3829 ati
858 3758 897 3829 L.
924 3757 1090 3832 Saeuam
1122 3757 1227 3863 (cap.
1250 3760 1351 3850 ιιο.)

245 3897 328 3956 Sulla
353 3900 467 3957 nullius
497 3898 616 3979 indigus
643 3928 662 3943 -
688 3897 823 3977 pretium
843 3897 981 3957 amicitia
999 3906 1056 3955 ture
1080 3927 1099 3944 -
1125 3893 1203 3955 nihil
1221 3898 1316 3956 carius
1339 3906 1384 3956 est
1408 3928 1428 3944 ·
1458 3896 1565 3959 adfinis

153 4013 246 4056 meos
268 3992 333 4053 adr.
353 4025 373 4040 ·
392 3996 482 4075 gerite
498 3992 579 4073 quod
597 3994 696 4052 vultis.

249 4110 285 4179 C.
305 4109 403 4193 Crispi
417 4112 540 4173 Sallusti
559 4113 659 4177 Oratt.
681 4120 822 4191 eacerptte
838 4114 876 4171 de
894 4112 974 4172 bellis
991 4111 1108 4190 eeplicit
1112 4110 1254 4187 feliciter.

247 4216 285 4278 C.
304 4215 402 4298 Crispi
413 4218 532 4280 Sallusti
550 4217 707 4281 Orationes
726 4220 763 4277 de
780 4215 907 4277 historiis
924 4214 1027 4295 incipit
1035 4215 1175 4293 feliciter.
1208 4230 1212 4236 '
1306 4289 1308 4294 Ι

958 4319 984 4374 *
1106 4348 1110 4354 ,
