3850 4867
1518 295 1565 368 33

167 478 333 554 Marcius
350 480 427 554 Rex
439 477 617 569 Faesulas,
641 478 687 575 Q.
708 477 884 554 Metellus
905 477 1073 554 Creticus
1089 477 1132 551 in
1150 474 1332 579 Apuliam
1347 471 1569 574 circumque

171 627 215 676 ea
233 602 317 677 loca
340 603 466 678 missi:
491 601 535 677 hi
557 603 712 705 utrique
733 602 784 676 ad
802 603 938 677 urbem
957 605 1205 704 Imperatores
1227 614 1354 689 erant,
1377 594 1569 701 impediti,

147 751 221 798 .ne
257 724 567 828 triumpharent,
602 725 796 800 calumnia
833 752 1076 829 paucorum,
1111 724 1251 826 quibus
1286 721 1414 825 omnia
1449 719 1569 794 hone-

167 863 226 922 sta
253 863 369 950 atque
395 847 595 924 inhonesta
620 849 783 925 rendere
815 875 895 924 mos
917 865 1009 924 erat
1070 847 1143 923 Sed
1172 850 1350 921 Praetores
1388 845 1434 942 Q.
1459 847 1570 918 Pom·

168 972 278 1075 peius
309 972 439 1046 Rufus*
459 976 659 1076 Capuam,
701 973 747 1069 Q.
776 971 951 1049 Metellus
979 971 1088 1048 Celer
1122 970 1166 1046 in
1197 997 1334 1075 agrum
1368 967 1570 1058 Picenum3

168 1092 306 1198 hisque
333 1095 581 1198 permissum,
615 1096 675 1172 uti
702 1123 772 1200 pro
796 1095 975 1202 'tempore
1006 1113 1123 1200 atque
1157 1093 1329 1200 periculo
1362 1091 1572 1168 exercitum

172 1236 457 1322 compararent3
480 1220 528 1294 ad
552 1218 644 1310 hoc,
678 1221 709 1296 si
737 1221 821 1323 quis
847 1221 1084 1296 indicavisset
1104 1219 1152 1296 de
1178 1217 1462 1307 coniuratione,
1486 1240 1573 1318 quae

171 1353 306 1415 contra
329 1343 605 1444 rempublicam
626 1343 724 1418 facta
748 1361 845 1436 erat,
871 1345 1073 1449 praemium
1096 1368 1201 1418 servo
1224 1341 1438 1416 libertatem
1460 1354 1500 1414 et
1519 1365 1575 1416 se·

172 1464 303 1539 startia
321 1481 500 1539 centum:
525 1467 645 1541 libero
664 1467 935 1570 impunitatem
953 1469 1034 1544 eius
1058 1468 1113 1542 rei
1139 1483 1176 1542 et
1199 1465 1365 1542 sestertia
1386 1464 1575 1555 ducenta3

173 1588 342 1690 itemque
359 1588 573 1680 decrevere,
611 1590 669 1664 uti
696 1591 930 1695 gladiatoriae
948 1591 1103 1666 familiae
1129 1593 1304 1694 Capuam
1323 1603 1362 1662 et
1382 1588 1424 1662 in
1453 1603 1575 1662 cetera

173 1710 386 1814 municipia
406 1712 724 1788 distribuerentur
750 1741 820 1816 pro
842 1715 1026 1816 cuiusque
1045 1715 1180 1818 opibus
1196 1744 1205 1788 z
1229 1715 1358 1786 Romae
1371 1738 1441 1815 per
1456 1727 1576 1786 totam

174 1833 312 1907 urbem
330 1833 468 1938 vigiliae
488 1833 741 1924 haberentur,
768 1836 888 1938 iisque
917 1839 1082 1912 minores
1102 1837 1342 1943 magistratus
1367 1852 1576 1938 praeessent.

175 1957 339 2060 Quibus
355 1957 465 2030 rebus
488 1975 659 2066 permota
680 1959 833 2050 civitas,
858 1975 974 2064 atque
997 1961 1197 2036 immutata
1221 1960 1327 2035 urbis
1345 1957 1458 2034 facies
1478 1975 1619 2053 erat331
1673 1955 1685 1971 ⁸

174 2105 221 2154 ex
240 2106 388 2154 summa
409 2080 540 2156 laetitia
561 2098 677 2184 atque
705 2081 878 2173 lascivia,
905 2111 991 2188 quae
1016 2085 1202 2160 diutinus
1226 2084 1332 2186 quies
1360 2099 1574 2193 pepererat,

172 2300 201 2342 c.
220 2277 250 2337 d.
266 2299 295 2360 g.
312 2299 394 2344 mn.
415 2279 561 2358 culrrpnia.
583 2280 643 2340 Bas.
660 2300 684 2340 ι.
698 2301 725 2342 2.
737 2281 766 2352 Δ.
788 2281 876 2360 it'sque
886 2283 1067 2362 permissura.
1088 2283 1224 2348 Gueltt
1244 2283 1309 2369 trt.
1326 2285 1437 2366 hiisque
1450 2283 1535 2344 Bem.
1544 2301 1572 2340 2.

175 2383 277 2461 bisque
285 2403 378 2462 perm.
397 2384 465 2466 Teg.
485 2383 546 2442 Has.
561 2406 585 2441 ι.
602 2405 704 2452 mser.
732 2387 793 2450 Bas.
805 2407 831 2445 2.
843 2389 871 2458 l.
892 2389 1080 2452 omnesteid.
1101 2387 1212 2448 Τιιι.ἰ.
1227 2409 1254 2448 a.
1268 2389 1392 2452 Bern.3;
1412 2409 1505 2470 perm.
1524 2393 1574 2448 at.

177 2485 258 2552 Lcid.
275 2487 307 2545 b.
329 2489 349 2546 l.
371 2507 399 2567 g.
422 2485 443 2544 i.
462 2509 503 2552 ιιι.
536 2489 597 2553 lias.
620 2511 648 2550 2.
665 2491 693 2556 3.
723 2491 806 2552 Bern.
823 2493 852 2552 3.
880 2492 1044 2554 iudicasset.
1068 2493 1136 2576 Teg.
1162 2493 1224 2553 lias.
1242 2494 1272 2555 3.
1299 2495 1369 2557 Tur.
1392 2515 1418 2556 ι.
1447 2494 1533 2557 Bern.
1551 2512 1577 2556 t.

177 2590 258 2651 Leid.
274 2592 302 2656 l.
328 2592 483 2671 premium
496 2595 654 2654 decreuere.
682 2598 740 2660 inc.
756 2617 781 2660 ι.
802 2597 863 2657 Bas.
876 2619 904 2658 a.
922 2597 994 2661 Tur.
1010 2619 1039 2657 2.
1059 2598 1145 2658 Febr.
1160 2619 1189 2657 2.
1215 2598 1284 2660 Seu.
1299 2622 1324 2659 ι.
1350 2599 1403 2666 Ae.
1430 2599 1498 2660 tce.
1517 2595 1578 2661 Ert.

175 2695 258 2756 Leid.
274 2696 293 2758 i.
311 2717 341 2754 n.
360 2696 485 2775 prumia
497 2698 577 2758 deor.
598 2699 692 2759 Struv.
714 2699 813 2760 llcuss.
845 2701 943 2760 Gueli.
959 2703 1027 2782 P&
1048 2703 1117 2785 Τις.
1143 2701 1227 2761 Bern.
1241 2725 1269 2767 2.
1284 2705 1314 2763 3.
1338 2706 1408 2764 vin.
1419 2725 1446 2763 2.
1475 2705 1579 2762 deere-

176 2820 241 2864 vere
255 2802 331 2860 inter
345 2801 443 2858 lineas.
465 2799 561 2860 Gucll.
576 2823 602 2860 2.
616 2807 644 2874 4.
664 2807 743 2864 decr.
754 2828 857 2886 prtem.
880 2807 941 2867 Bas.
951 2808 980 2866 3.
999 2828 1102 2888 proem.
1118 2810 1291 2869 constituere
1302 2809 1420 2868 cidare.
1441 2807 1539 2867 Guell.
1549 2797 1581 2866 6.

175 2905 265 2966 simul
281 2907 432 2964 deerevere
449 2923 529 2964 seruo
544 2905 703 2988 libertatem
719 2912 808 2970 libero
819 2912 1020 2991 impunitatem
1034 2922 1062 2970 et
1077 2914 1272 2986 sestertiorum
1283 2910 1346 2971 CC.
1356 2912 1449 2972 mdia.
1469 2911 1538 2972 Tur.
1552 2933 1578 2970 ι.

177 3011 310 3070 sestertia
324 3018 451 3070 centum.
474 3007 569 3068 Guell.
580 3012 609 3069 5.
631 3011 691 3071 Bas.
707 3035 734 3073 ι.
754 3017 822 3074 vin.
839 3037 863 3074 ι.
886 3016 963 3076 deest
977 3019 1008 3075 in
1022 3016 1093 3099 Tcg.
1117 3017 1197 3076 leid.
1206 3040 1234 3079 e.
1257 3015 1405 3078 serterttu
1434 3015 1532 3076 Guelf.
1547 3015 1577 3078 3.

177 3116 403 3198 6.7.9.10.ine.
424 3113 520 3175 Struc-
534 3113 600 3173 Sea.
619 3137 644 3174 ι.
665 3116 727 3176 Bas.
743 3119 771 3179 3.
793 3119 859 3180 Ecc.
873 3130 900 3180 et
911 3121 1187 3182 centumseetereia.
1196 3131 1228 3182 -et
1239 3131 1355 3182 senatus
1363 3107 1496 3181 consulto
1505 3119 1579 3181 libe-

178 3251 224 3290 ro.
233 3229 304 3288 Tur.
316 3250 344 3289 2.
353 3230 493 3290 sertorio.
514 3230 611 3289 Gucll.
624 3229 652 3289 8.
673 3225 724 3285 Ac.
743 3224 1055 3305 proemio,lt'bertutem
1062 3237 1185 3288 servoet
1202 3236 1319 3287 centum
1330 3226 1470 3286 mertia.
1489 3223 1576 3284 Beru.

182 3357 209 3394 ι.
229 3355 253 3394 ε.
270 3354 296 3394 e.
317 3335 400 3396 Rern.
416 3357 440 3392 ι.
456 3335 553 3394 Guelf.
576 3355 621 3392 ιι.
642 3353 680 3392 ee
692 3339 808 3390 senatus
819 3331 962 3390 consulto.
984 3331 1081 3392 Gucll.
1098 3353 1123 3392 1.
1136 3353 1164 3392 2.
1185 3335 1313 3394 discente
1330 3329 1414 3390 milio
1431 3327 1578 3391 sestertio·

179 3459 257 3500 rum.
276 3441 343 3499 Seu.
351 3462 382 3500 ,2.
404 3441 502 3500 lleuss.
532 3439 624 3498 libert.
646 3446 771 3496 centum.
792 3433 877 3494 Bam.
889 3435 917 3495 3.
943 3456 1024 3496 servo
1041 3435 1203 3498 libertatem
1218 3437 1307 3497 Hiero
1323 3447 1378 3497 etc.
1397 3435 1466 3495 tta.
1482 3443 1578 3516 uterq.

177 3543 241 3607 Bas.
259 3565 287 3603 2.
306 3543 435 3604 sestertia
451 3546 588 3603 discente.
610 3541 671 3602 hacc
694 3542 798 3622 optim.
820 3539 916 3610 Codd.
939 3541 1035 3605 lectio.
1060 3541 1257 3604 sestertiorum
1275 3551 1320 3601 ter
1338 3543 1465 3600 ducenta
1484 3539 1578 3603 mita.

179 3650 277 3710 Gur-ll.
293 3671 317 3712 1.
335 3670 362 3708 2.
394 3648 455 3708 Par.
471 3671 498 3708 a.
520 3647 606 3707 Fabr.
625 3669 650 3705 ι.
671 3648 738 3705 Seu.
763 3665 789 3704 2.
811 3645 910 3704 Heuss.
929 3645 1041 3708 tima
1071 3644 1177 3707 laced.
1196 3647 1326 3707 sestertiis
1340 3647 1468 3706 deamo
1485 3643 1581 3704 miltit-

179 3754 280 3818 Guell.
292 3753 360 3824 st.
375 3754 403 3818 5.
419 3753 447 3814 6.
463 3777 491 3835 7.
508 3775 536 3834 9.
557 3774 601 3811 ιι.
622 3752 702 3812 Leid.
716 3755 737 3810 l.
757 3751 842 3809 Bern.
857 3772 883 3808 ι.
903 3751 962 3810 inc.
983 3749 1117 3811 Remeat.
1140 3771 1249 3814 omnes
1259 3752 1322 3811 Bas.
1347 3752 1442 3814 Strnr.
1462 3751 1531 3812 Vm.
1548 3769 1578 3812 2.

179 3861 267 3918 Paris.
281 3857 310 3916 d.
330 3857 397 3918 Ecc.
418 3858 554 3918 duomil.
565 3857 704 3922 sestertia.
725 3855 810 3914 Bern.
824 3854 853 3914 3.
875 3853 933 3914 Eri.
953 3855 1150 3916 sestertiorum
1162 3854 1335 3918 Camilia.
1352 3855 1423 3917 Feb.
1434 3875 1462 3918 2.
1478 3856 1577 3918 Guell.
1602 3877 1607 3886 ·

182 3983 231 4022 ιο.
251 3962 321 4044 Teg.
347 3960 431 4022 Bem.
447 3983 473 4022 2.
494 3965 577 4024 itaet
594 3963 690 4024 Guell.
710 3961 737 4020 5.
763 3979 842 4040 apr.
860 3983 900 4017 ιιι.
917 3959 1117 4019 emendatum.
1142 3959 1272 4041 lunaque
1284 3967 1444 4024 aecraere.
1474 3983 1579 4024 omnes

178 4070 240 4130 fere
254 4068 331 4132 libri.
349 4067 445 4146 itaque
453 4070 532 4128 decr.
553 4067 614 4127 Bas.
630 4088 655 4126 1.
669 4089 696 4126 2.
709 4065 808 4144 hitqtte
821 4063 893 4123 min.
905 4063 963 4122 tat
976 4063 1037 4128 Bas.
1051 4086 1076 4123 1.
1089 4064 1158 4125 Tar.
1170 4086 1200 4126 2.
1211 4066 1296 4128 Beru.
1306 4068 1335 4128 3.
1347 4067 1465 4146 hasque.
1474 4066 1577 4141 Haud.

266 4169 340 4252 Cap.
356 4171 405 4232 31.
422 4170 520 4250 socies
541 4183 622 4232 erut.-
643 4167 888 4250 eratomiscrunt}
906 4169 974 4229 Ecc.
994 4169 1079 4228 Bodl.
1105 4169 1164 4236 Erl.
1185 4171 1263 4232 Eut.
1295 4174 1382 4234 Paris.
1399 4175 1467 4250 fac.
1488 4169 1577 4242 urbis.

88 4303 91 4310 ’
180 4277 374 4341 omnesleid.
389 4275 579 4354 urbisfucies.
599 4275 657 4336 hoc
671 4276 774 4337 ordine
794 4275 875 4335 Cort.
895 4295 929 4335 ex
943 4275 1137 4336 uetustissimis
1154 4277 1256 4338 edidit.
1279 4278 1323 4339 Ita
1335 4278 1403 4362 Τις.
1424 4279 1500 4344 Edit.
1521 4279 1578 4344 1³·-

1187 4377 1211 4457 5
