3850 4867
1479 359 1530 452 93

128 511 251 594 litatis
272 519 458 628 Iugurtha
483 529 647 626 veniret;
673 556 839 634 quorum
859 557 948 636 pars
974 557 1056 638 epe,
1088 531 1153 608 alii
1181 536 1337 639 proemio
1362 533 1533 623 inducti,

125 638 300 745 singulos
339 673 385 722 ex
415 651 557 732 Senatu
587 654 799 733 ambiundo
832 657 1081 747 nitebantur,
1115 683 1165 735 ne
1194 659 1342 764 gravius
1368 659 1410 733 in
1442 683 1531 734 eum

125 767 401 848 consuleretur.
451 775 589 880 Igitur,
616 779 685 854 ubi
707 779 818 885 legati
841 781 929 854 satis
955 779 1178 871 confidunt,
1215 783 1277 857 die
1306 781 1531 870 constituto,

122 887 289 968 Senatus
303 896 476 1005 utrisque
497 899 622 977 datur.
648 909 651 916 '
670 905 772 979 Tum
788 901 1043 980 Adherbalem
1060 902 1135 980 boc
1150 905 1264 982 modo
1279 906 1452 980 locutum
1470 928 1533 978 ac-

123 1038 307 1118 cepimus.
956 1105 959 1112 ,

227 1146 389 1232 „Patres
405 1149 617 1253 conscripti.
667 1149 825 1254 Micipsa
849 1165 958 1256 pater
970 1176 1077 1229 meus
1091 1151 1257 1229 moriens
1275 1149 1372 1226 mibi
1393 1175 1530 1256 praece
1548 1169 1582 1240 rt

126 1262 206 1366 pit,
232 1268 294 1343 uti
311 1270 418 1375 regni
435 1273 625 1348 Numidiae
649 1274 917 1350 tantummodo
938 1276 1247 1379 procurationem
1268 1276 1534 1350 existumarem

126 1414 269 1486 meam3
302 1407 470 1471 ceterum
494 1397 553 1471 ius
571 1413 610 1472 et
627 1395 833 1502 imperium
849 1399 929 1473 eius
950 1423 1066 1503 penes
1086 1424 1150 1473 vos
1168 1423 1263 1488 esse,
1282 1397 1396 1472 simul
1415 1396 1534 1471 enite·

129 1537 191 1588 rer
223 1513 333 1590 domi
350 1518 572 1622 militiaeque
593 1547 710 1624 quam
739 1549 918 1598 maxumo
952 1522 1039 1599 usui
1063 1547 1138 1597 esse
1166 1521 1311 1625 populo
1342 1523 1535 1609 Romano,

129 1659 192 1710 ros
210 1637 313 1712 mibi
334 1657 605 1745 cognatorum,
626 1669 690 1720 vos
715 1645 758 1720 in
775 1645 965 1722 adfinium
987 1645 1116 1721 locum
1136 1646 1335 1721 ducerem:
1354 1644 1387 1717 si
1412 1669 1456 1717 ea
1484 1641 1536 1717 fe·

130 1758 285 1851 cissem,
310 1762 352 1839 in
374 1783 494 1840 vestra
513 1766 680 1843 amicitia
703 1769 928 1858 exercitum,
963 1769 1135 1858 divitias,
1158 1768 1399 1842 munimenta
1429 1767 1535 1870 regni

130 1909 190 1958 me
205 1882 445 1962 habiturum.
464 1890 561 1987 Quoe
578 1917 699 2000 quum
713 1910 899 1996 praecepta
916 1893 1086 1996 parentis
1102 1893 1176 1968 mei
1194 1892 1537 1995 agitarem31ugur·

133 2003 217 2098 tha,
232 2007 352 2086 bomo
370 2012 563 2102 omnium,
578 2041 673 2115 quos
688 2031 786 2090 terra
803 2016 980 2106 sustinet,
994 2015 1323 2103 sceleratissumis,
1340 2029 1536 2115 contemp·

135 2146 171 2204 to
190 2130 354 2236 imperio
374 2151 516 2228 vestro,
541 2138 767 2216 Massinissae
798 2167 859 2214 me
883 2156 1059 2244 nepotem
1084 2155 1124 2215 et
1154 2142 1231 2213 iam
1260 2137 1309 2211 ab
1335 2137 1452 2240 stirpe
1480 2161 1538 2210 so-

134 2253 238 2330 cium
258 2272 378 2361 atque
395 2259 563 2334 amioum
586 2261 723 2364 populi
749 2263 911 2337 Romani
945 2289 1061 2367 regno
1088 2261 1329 2364 fortunisque
1359 2259 1537 2334 omnibus

135 2379 291 2482 expulit
341 2386 467 2484 Atque
488 2409 573 2488 ego,
599 2387 725 2459 Patres
751 2385 976 2490 conscripti,
1010 2385 1194 2488 quoniam
1226 2411 1270 2459 eo
1300 2372 1538 2458 miseriarum

136 2519 319 2578 venturus
339 2531 465 2596 eram,
497 2506 634 2583 vellem
675 2508 802 2611 potius
823 2509 871 2583 ob
893 2535 976 2582 mea
1015 2535 1134 2610 quam
1154 2509 1203 2582 ob
1224 2507 1414 2581 maiorum
1438 2532 1540 2581 mco-

138 2653 223 2701 rum
243 2625 430 2705 beneficia
453 2656 559 2733 posse
582 2657 643 2704 me
657 2657 681 2706 a.
708 2631 811 2707 vobis
831 2608 1021 2706 auxilium
1036 2649 1185 2735 petere,
1202 2657 1247 2706 ac
1267 2656 1445 2706 maxume
1477 2628 1542 2705 de·

139 2827 224 2891 Palat.
244 2831 310 2892 Bas.
326 2852 352 2892 r.
379 2831 463 2899 Rem.
479 2832 508 2894 3.
531 2833 661 2913 primum
677 2854 738 2894 om.
754 2833 850 2898 Guell.
866 2857 894 2916 7.
924 2833 1065 2913 requirunt
1093 2832 1191 2895 Guelf.
1207 2835 1235 2893 5.
1265 2832 1421 2913 acquirent
1444 2836 1539 2892 multi.

140 2935 254 3012 adquir.
275 2957 310 2997 ex
322 2937 419 3002 Gueli.
433 2957 461 2998 2.
477 2944 504 3001 3.
520 2940 549 3008 4.
563 2961 597 3020 7.
612 2939 686 3000 Eoo.
700 2939 814 3000 Fabric.
830 2961 854 2998 x.
875 2939 937 2998 llas.
953 2960 979 3002 r.
999 2939 1070 2998 Vin.
1080 2959 1109 2998 2.
1127 2936 1329 2999 strumbeca.
1346 2938 1445 3001 Heuss.
1459 2937 1540 2997 Vrat.

112 3025 114 3030 ¹
146 3059 170 3096 ι.
190 3061 367 3121 quocunque
387 3043 471 3102 Febr.
492 3044 572 3105 Vrat.
594 3043 655 3108 Bas.
674 3065 699 3103 ι.
719 3035 787 3103 Vin.
801 3065 826 3103 2.
847 3045 931 3102 Rem.
948 3065 974 3102 ι.
994 3045 1053 3108 inc.
1071 3064 1098 3103 2.
1118 3044 1214 3104 Strur.
1236 3042 1335 3100 lleuss.
1358 3041 1424 3100 lice.
1444 3041 1540 3099 Sonat.

142 3139 235 3204 Gnell.
252 3167 278 3209 2.
294 3148 321 3211 5.
335 3169 363 3228 9.
391 3145 470 3206 Leid.
489 3167 520 3206 n.
547 3147 643 3212 Turio.
672 3167 867 3226 quemcunque
892 3150 991 3228 vulgo.
1021 3167 1203 3226 quoscunque
1232 3148 1291 3205 inc.
1319 3165 1344 3208 t.
1373 3147 1544 3222 quodcuuq..

143 3245 241 3310 Frano.
262 3251 394 3316 Leidm.
411 3259 526 3331 possent
552 3250 638 3310 Fabr.
653 3273 678 3311 1.
701 3251 798 3314 Heuss.
827 3250 907 3311 Vrat.
924 3270 950 3309 2.
971 3250 1026 3329 leg.
1037 3270 1103 3310 ven.
1129 3250 1219 3330 legati
1238 3270 1298 3313 om.
1312 3247 1392 3307 leid.
1407 3249 1435 3305 1.
1457 3247 1540 3312 Bodl.

143 3371 205 3412 ven.
222 3355 276 3436 leg.
298 3355 360 3414 Bas.
373 3354 402 3425 4.
422 3365 449 3415 et
465 3375 502 3414 az·
517 3375 607 3435 praec.
629 3363 655 3415 et
672 3375 733 3414 om.
752 3354 849 3414 Turio.
871 3353 952 3413 Leid.
967 3375 1007 3412 m.
1035 3355 1293 3418 receptionllivii.
1311 3361 1415 3412 auctor
1435 3351 1467 3408 in
1480 3370 1539 3411 sea.

147 3469 253 3518 mutato
267 3460 371 3520 ordine
390 3458 475 3518 Fabr.
489 3481 516 3525 2.
535 3463 615 3521 Vrat.
632 3482 656 3524 1.
677 3470 706 3520 et
723 3469 777 3518 tres
791 3460 863 3531 alii3
890 3475 978 3538 quare
991 3457 1073 3517 Gort.
1089 3460 1205 3520 delerit.
1227 3478 1350 3518 munera
1369 3478 1429 3521 om.
1444 3455 1541 3515 Guelf.

147 3561 173 3628 4.
194 3561 277 3630 Cort.
295 3575 373 3624 uter
392 3563 489 3623 Turio.
510 3565 572 3624 Bas
587 3565 615 3636 4.
636 3563 761 3623 Bom.3.
782 3563 911 3641 singulos
927 3561 1075 3624 instratu
1103 3565 1207 3623 inc..1.
1228 3561 1324 3622 Guelt.
1344 3563 1370 3627 5.
1393 3562 1483 3641 legati
1495 3563 1544 3622 ubi

147 3663 226 3728 l‘abr.
242 3689 266 3727 1.
284 3667 369 3730 Cort.
386 3676 449 3728 tum
463 3667 543 3732 Aah.
565 3679 626 3728 tum
643 3688 704 3726 om.
725 3666 808 3726 Bern.
824 3667 853 3726 3.
1501 3651 1505 3664 ⁸

225 3835 298 3913 Cep.
321 3838 368 3909 tl.
405 3837 543 3919 proecepit
567 3836 644 3896 mihi
668 3837 764 3896 Sonat.
782 3857 807 3901 2.
829 3835 1020 3898 tourtam.
1042 3837 1141 3898 nense
1177 3835 1273 3896 Guelt.
1285 3837 1313 3896 6.
1335 3836 1436 3908 11224.
1454 3858 1542 3918 pron.

150 3935 226 4000 Cort.
240 3964 300 4002 om.
322 3943 407 4022 regni
420 3943 511 4004 Num.
532 3953 553 4008 t.
569 3942 817 4022 procurationem.
839 3961 929 4021 regno
950 3940 1106 4002 Gools.1o.
1128 3943 1208 4000 Leid.
1222 3943 1242 4000 f.
1264 3962 1388 4020 reguum
1407 3941 1542 4007 cunta

154 4063 179 4120 9.
199 4043 262 4110 lice.
283 4047 363 4108 Leid.
378 4069 404 4108 c.
422 4047 637 4128 procur-utioc-
647 4066 723 4106 nem.
743 4045 839 4106 Guelf.
849 4045 877 4110 6.
900 4065 1023 4126 regnum
1036 4046 1076 4104 N.
1090 4055 1111 4104 t.
1121 4045 1336 4124 procuratione·
1351 4067 1449 4105 meum
1461 4045 1542 4107 Cort.

155 4146 219 4226 lmp-
235 4150 302 4211 et'us.
323 4171 410 4232 pron.
427 4152 531 4213 delerit
543 4152 607 4212 biv.
622 4173 655 4211 ex
667 4150 762 4210 Codd.
784 4150 927 4210 accedunt
945 4153 1058 4230 aliquot
1071 4148 1173 4209 Cortii.
1194 4149 1278 4209 domi
1286 4148 1398 4209 nulitr'ae
1406 4149 1503 4210 cuett.
1515 4152 1544 4210 5.

161 4271 202 4312 to.
221 4275 306 4338 quom
324 4277 461 4320 merome
474 4253 845 4322 cotttuterstuestmv.
866 4259 936 4322 Ere.
954 4253 1067 4315 Fabric.
1085 4273 1110 4315 2.
1131 4253 1239 4315 12222.-
1253 4253 1333 4319 vm.
1349 4274 1376 4314 2.
1397 4254 1545 4316 Vimrta.
