3850 4867
1499 362 1554 449 7¹⁸

142 547 244 599 unus
270 528 320 603 ab
335 529 449 638 urbe,
475 530 621 606 altera
655 529 783 606 Gallio
804 532 980 607 obstant:
1005 503 1151 605 diutius
1177 528 1219 604 in
1249 525 1307 603 his
1334 525 1426 602 loeis
1448 549 1547 618 esse,

136 645 171 718 si
195 675 373 729 maxume
389 654 539 729 animus
563 653 682 746 ferat,
706 653 892 729 frumenti
922 669 1039 757 atque
1063 653 1228 728 aliarum
1248 678 1378 728 rerum
1407 665 1545 756 egestas

135 769 329 872 prohibet
355 778 610 883 Quocumque
630 780 685 854 ire
705 779 849 883 placet,
862 777 963 855 ferro
984 779 1057 853 iter
1078 775 1335 881 aperiundum
1350 792 1412 851 est
1439 774 1546 873 Qua·

133 915 298 1000 propter
316 928 379 978 vos
404 931 560 996 moneo,
584 904 644 979 uti
661 903 752 980 forti
776 919 891 1006 atque
911 919 1046 1008 parato
1067 903 1196 977 animo
1216 899 1295 976 sitis
1302 933 1312 993 3
1336 916 1390 989 et,
1417 925 1541 1002 quum

134 1023 318 1121 praelium
341 1027 506 1118 inibitis,
532 1027 797 1118 memineritis,
822 1053 886 1103 vos
905 1027 1074 1117 divitias,
1100 1025 1231 1114 decus,
1253 1023 1429 1128 gloriam,
1450 1047 1547 1128 prae-

135 1159 239 1222 terea
259 1147 474 1226 libertatern
497 1169 613 1255 atque
629 1151 794 1256 patriam
820 1152 861 1226 in
885 1150 1025 1227 dextris
1044 1149 1173 1225 vestris
1196 1165 1358 1253 portare.
1403 1148 1441 1222 Si
1460 1147 1545 1222 vin·
1607 1197 1612 1202 -

133 1267 273 1362 cimus,
299 1274 428 1349 omnia
453 1275 563 1351 nobis
584 1291 667 1350 tuta
685 1293 820 1367 erunt,
846 1275 1088 1351 commeatus
1105 1272 1282 1363 abunde,
1310 1271 1470 1346 coloniae
1484 1288 1544 1346 nt-

134 1418 214 1494 que
233 1397 444 1501 municipia
465 1399 674 1501 patebunt3
707 1400 738 1474 si
762 1416 869 1475 metu
893 1398 1129 1487 cesserimus,
1166 1395 1299 1472 eadem
1324 1395 1391 1470 illa
1411 1394 1544 1470 advor-

130 1541 173 1589 sa
199 1516 320 1594 fient:
346 1547 471 1624 neque
502 1523 626 1613 locus,
652 1549 776 1626 neque
797 1522 940 1598 amicus
972 1522 1175 1625 quisquam
1204 1537 1321 1624 teget,
1347 1547 1463 1623 quem
1484 1546 1544 1595 ar-

132 1667 198 1715 ma
218 1669 298 1718 non
323 1646 494 1720 texerint.
533 1650 732 1736 Praeterea,
757 1647 916 1735 milites,
939 1672 1021 1722 non
1038 1645 1169 1721 eadem
1191 1643 1301 1719 nobis
1321 1659 1359 1718 et
1382 1645 1456 1718 illis
1478 1671 1544 1718 ne-

131 1766 321 1843 cessitudo
348 1769 562 1872 impendet;
587 1797 655 1845 nos
678 1796 749 1872 pro
779 1770 921 1873 patrio,
946 1795 1018 1873 pro
1036 1768 1230 1859 libertate,
1255 1793 1326 1871 pro
1348 1767 1427 1842 vita
1464 1795 1544 1843 cer-

134 1905 289 1965 tamus:
316 1892 391 1968 illis
412 1918 733 1995 supervacaneum
759 1909 813 1967 est
834 1919 1006 1996 pugnare
1031 1918 1102 1995 pro
1125 1892 1296 1995 potentia
1319 1917 1541 1995 paucorum

134 2012 228 2109 Quo
258 2015 440 2091 audacius
466 2015 767 2121 adgrediamini,
800 2041 982 2090 memores
1013 2014 1182 2118 pristinae
1206 2015 1365 2090 virtutis.
1415 2016 1543 2089 Licuit

134 2138 249 2212 nobis
269 2166 358 2214 cum
387 2167 535 2215 summa
563 2140 805 2243 turpitudine
833 2140 873 2212 in
904 2138 1034 2213 exsilio
1067 2154 1216 2212 aetatern
1241 2163 1372 2242 agere:
1397 2139 1543 2242 potuis·

136 2259 185 2334 tis
206 2263 388 2337 nonnulli
407 2265 553 2352 llomae,
585 2262 726 2336 amissis
744 2263 872 2352 bonis,
902 2261 1045 2336 alienas
1063 2287 1150 2364 opes
1165 2278 1385 2364 exspectare.
1437 2261 1539 2359 Quia

132 2384 205 2458 illa
224 2385 326 2462 foeda
347 2403 462 2489 atque
480 2385 720 2462 intoleranda
734 2385 822 2461 viris
842 2383 1079 2475 videbantur,
1098 2383 1180 2459 baec
1196 2385 1302 2486 sequi
1320 2380 1541 2460 decoevistisss

133 2509 176 2583 Si
196 2507 276 2586 haec
299 2511 514 2614 relinquere
535 2513 666 2602 voltis,
692 2512 850 2587 audacia
872 2537 966 2616 opus
979 2527 1033 2585 est
1041 2541 1052 2602 3
1075 2534 1206 2598 nemo,
1229 2508 1302 2582 nisi
1323 2509 1460 2601 victor,
1474 2535 1542 2612 pa·

133 2731 199 2791 Bm.
210 2753 237 2798 2.
250 2734 345 2794 Strur.
359 2731 524 2796 Nunevero
540 2737 601 2795 Bas.
619 2757 642 2800 ι.
658 2756 684 2795 2.
697 2731 802 2796 3.Tur.
816 2755 840 2791 ι.
854 2753 880 2797 2.
894 2731 979 2791 Bern.
991 2752 1018 2791 2.
1031 2729 1060 2796 3.
1071 2729 1100 2801 d.
1113 2749 1215 2790 omnes
1228 2721 1542 2792 Lcidlveroomtort.

133 2857 195 2914 quo
204 2837 268 2898 loeo
280 2839 347 2900 Eec.
361 2841 430 2901 vin.
442 2862 468 2901 2.
486 2842 553 2900 Son.
566 2863 593 2901 ι.
613 2839 663 2901 ilc.
678 2840 768 2899 Beer.
790 2860 831 2896 ιιι.
841 2857 886 2917 pr.
898 2835 982 2895 Rom.
991 2839 1085 2914 uterq.
1096 2834 1167 2914 lieg.
1180 2833 1278 2893 Pemb.
1292 2831 1540 2901 Brubttrartr.
1572 2845 1579 2856 “

132 2942 231 3004 struv.
253 2944 430 3026 Guell.l.7.
446 2968 490 3006 10.
509 2967 553 3006 ι2.
574 2947 654 3006 Leid.
666 2967 707 3004 m.
722 2965 752 3008 n.
774 2941 857 3001 Bern.
877 2961 901 2999 ι.
915 2941 943 3011 d.
965 2922 1059 2999 obstat
1078 2939 1145 3001 Boc.
1165 2937 1245 2997 Leid.
1259 2959 1291 3003 n.
1312 2939 1382 2999 loeis
1397 2959 1462 3004 esse.
1484 2960 1543 3001 esse

134 3067 199 3106 om.
211 3047 296 3107 Febr.
318 3049 415 3110 Guelf.
429 3073 458 3132 9.
478 3071 535 3110 esse
550 3051 620 3111 locis
638 3052 706 3113 Vin.
723 3069 750 3108 2.
771 3046 839 3129 Teg.
860 3045 886 3105 si
903 3044 1021 3104 animus
1043 3041 1171 3102 maxine
1180 3043 1267 3132 serat
1287 3042 1364 3106 llivii
1383 3044 1461 3108 libri.
1489 3055 1542 3104 ot-

134 3171 193 3230 que
205 3153 343 3219 aliarum.
363 3165 450 3234 atquo
463 3159 588 3238 neglexit
601 3157 700 3215 incert.
713 3175 739 3214 2.
760 3163 875 3212 etcum.
896 3160 923 3210 et
938 3169 999 3208 om.
1019 3147 1122 3207 iucert.
1134 3166 1162 3206 2.
1183 3146 1370 3208 ιιιοιιιίιι.νος.
1392 3167 1444 3209 vos
1462 3147 1540 3208 delet
1577 3135 1584 3149 ⁸

134 3255 218 3314 Marl
228 3269 257 3322 r·
278 3257 400 3319 Bern.3.
417 3269 480 3317 tuta
491 3269 576 3318 erunt
586 3258 667 3318 nobis
680 3257 777 3318 Guell.
792 3277 837 3320 12.
849 3253 1154 3334 nobesexpungitsen.
1167 3271 1193 3310 1.
1214 3252 1328 3312 dextris
1340 3251 1442 3314 vestris
1449 3272 1537 3333 pron.

135 3360 255 3424 Cottius
278 3364 371 3424 eiecit.
396 3363 422 3426 si
434 3374 513 3423 metu
533 3385 636 3424 omnes
649 3362 742 3422 Cottii
758 3361 839 3432 libri,
858 3379 960 3418 omnes
972 3354 1166 3438 leidpr'aeter
1181 3355 1218 3429 b,
1236 3377 1284 3416 sex
1302 3359 1415 3418 Wassii.
1434 3378 1537 3418 omues

134 3466 200 3533 Bes.
220 3468 289 3528 Tur.
310 3469 394 3528 Rern.
415 3469 526 3528 munic.
558 3479 645 3548 atque
657 3469 714 3532 col.
733 3466 802 3548 Teg.
822 3465 890 3523 Tur.
909 3485 934 3522 ι.
953 3483 981 3522 2.
1001 3462 1063 3521 Bas.
1081 3483 1108 3521 2.
1121 3461 1150 3521 3.
1170 3461 1199 3532 Α.
1224 3464 1268 3522 sie
1279 3461 1372 3523 edidit
1389 3463 1463 3526 Har.
1481 3463 1538 3522 od-

132 3572 325 3632 sentientibus
335 3584 367 3633 ut
378 3573 492 3636 ridetur
508 3573 645 3633 omnibus
657 3571 737 3631 Leid.
758 3571 831 3628 Bern
850 3588 877 3632 2.
888 3569 916 3638 d.
927 3571 1010 3643 fiunt
1029 3565 1099 3625 Feb.
1117 3587 1141 3625 ι.
1162 3565 1231 3648 Teg.
1241 3570 1319 3642 fient
1334 3569 1431 3632 ceteri.
1451 3579 1540 3628 enmt

135 3675 218 3737 leid.
228 3677 259 3742 h.
277 3699 334 3758 pro
342 3677 444 3759 patria
460 3677 591 3737 libertate
609 3676 680 3735 Feb.
694 3697 719 3734 ι.
741 3673 838 3734 Guell.
851 3673 880 3740 Δ.
899 3671 970 3754 Tog.
988 3691 1133 3752 superruo.
1147 3681 1199 3732 est.
1219 3681 1260 3730 est
1276 3693 1335 3736 om.
1352 3670 1467 3738 Leid.'f.
1480 3695 1538 3754 pro

132 3790 198 3862 pot.
211 3801 298 3862 pauo.
308 3803 378 3863 pug.
399 3778 480 3843 Leid.
492 3804 517 3842 e.
534 3784 554 3841 l.
569 3805 597 3863 g.
612 3782 640 3846 Ιι.
653 3783 673 3846 Ι.
694 3783 792 3861 plures
810 3776 925 3837 Gruter.
946 3777 1032 3837 Bern.
1052 3797 1077 3835 ι.
1096 3796 1125 3835 2.
1145 3779 1175 3837 3.
1195 3774 1256 3834 Bas.
1277 3776 1354 3867 ²23·
1369 3779 1398 3847 4.
1420 3777 1489 3839 Tur.
1509 3799 1541 3844 2.

134 3886 360 3965 nigreditmini
373 3885 467 3947 Cortii
486 3887 606 3968 plurimi
625 3885 702 3945 libri.
717 3905 751 3944 ex
777 3883 858 3943 Leid.
887 3903 915 3964 g.
932 3903 976 3940 ιιι.
996 3881 1128 3940 meliores
1147 3879 1273 3940 Gruteri.
1293 3901 1399 3942 novem
1422 3882 1542 3944 Wessii.

135 3990 200 4050 Bas.
217 4012 241 4050 ι.
260 4012 287 4050 2.
304 3992 333 4052 3.
347 3992 376 4063 l.
396 3991 465 4057 Tur.
482 4013 507 4050 1.
528 3989 613 4050 llern.
630 4012 655 4049 1.
668 4009 695 4048 2.
716 3987 799 4047 licuit
811 3985 888 4047 vobis
907 3983 1025 4044 Leidb.
1035 3985 1101 4044 od.
1112 4005 1138 4044 e.
1147 4005 1175 4066 g.
1184 3984 1212 4043 k.
1226 3987 1324 4064 plures
1337 3984 1464 4047 Gruteri.
1474 3986 1538 4048 Bes.

139 4118 168 4158 2.
180 4095 209 4157 3.
229 4095 313 4158 Bern.
326 4098 392 4169 M.
413 4094 502 4160 vitam
517 4113 604 4174 agere
623 4093 786 4157 [eidam.
806 4090 874 4150 Tur.
888 4111 913 4149 ι.
936 4087 1007 4147 Feb.
1020 4109 1046 4149 1.
1067 4089 1133 4154 Eoo.
1148 4089 1198 4150 ilo.
1218 4090 1316 4156 inor.
1337 4089 1436 4153 Guell.
1447 4091 1475 4153 3.
1488 4113 1536 4155 ιο.

135 4201 243 4265 Fraus.
271 4222 337 4282 opes
353 4210 480 4282 spretore
510 4211 565 4260 tres
580 4199 692 4261 tt'assit.
732 4216 817 4258 armo
841 4195 903 4276 quis
933 4193 1054 4256 stenes.
1081 4194 1170 4261 liti-it.
1200 4194 1236 4254 ob
1253 4194 1334 4258 hoste
1353 4195 1442 4258 idem.
1479 4207 1539 4259 tres
