3850 4867
1466 325 1535 399 281

130 497 323 591 venditas,
348 530 467 605 qrram
488 503 715 609 turpissume
735 504 885 609 parasti.
930 506 1093 591 Verum,
1113 518 1160 579 ut
1179 500 1335 607 opinor,
1357 499 1541 605 splendor

130 618 380 715 domesticus,
408 626 477 699 tibi
495 626 642 702 animos
666 627 828 719 attollit;
852 636 951 701 uxor
969 626 1148 731 sacrilega
1172 652 1219 701 ac
1238 623 1417 729 periuriis
1444 623 1539 699 deli-

129 732 244 837 buta3
292 748 372 823 lilia
408 749 538 825 matris
575 749 721 852 pellex,
757 749 827 824 tibi
859 747 1069 823 iucundior
1106 765 1223 851 atque
1248 746 1538 850 obsequentior,

128 893 247 968 qum
267 872 422 973 parenti
440 898 512 976 par
532 886 594 947 est
619 874 790 945 Domum
811 872 932 975 ipsam
946 886 1053 944 tuam
1073 870 1110 945 vi
1129 886 1169 944 et
1184 871 1330 973 rapinis
1347 871 1539 945 funestam

127 991 197 1065 tibi
220 1020 268 1067 ac
297 995 373 1068 tuis
398 994 651 1098 comparasti-2
675 994 850 1069 videlicet
874 993 933 1068 uti
957 1018 1026 1067 nos
1056 992 1397 1081 commonefacias,
1419 1020 1540 1095 quam

125 1138 312 1190 convorsa
330 1117 379 1190 sit
406 1115 640 1219 respublica,
667 1143 757 1191 cum
778 1116 823 1191 in
848 1141 891 1192 ea
918 1114 1033 1189 domo
1056 1112 1267 1206 habitares,
1289 1114 1405 1190 bomo
1432 1114 1541 1220 flagi-

127 1237 361 1330 tiosissume,
383 1266 469 1342 quae
487 1242 524 1313 P.
546 1238 687 1329 Crassi,
711 1238 784 1313 viri
803 1237 1029 1327 consularis,
1054 1237 1137 1311 fuit
1184 1240 1309 1339 Atque
1337 1236 1419 1314 baec
1449 1264 1539 1315 cum

127 1358 178 1433 ita
202 1362 306 1453 sint3
334 1378 517 1439 tamense
544 1364 673 1439 Cicero
699 1362 794 1437 dicit
817 1361 859 1437 in
887 1359 1051 1436 concilio
1074 1360 1234 1434 deorum
1262 1359 1539 1435 immortalium

127 1482 259 1580 fuisse,
300 1485 393 1563 inde
419 1487 575 1563 missum
598 1485 692 1561 huie
719 1485 810 1560 urbi
833 1484 1055 1589 civibusque
1074 1482 1270 1559 custodem
1294 1485 1435 1586 absque
1456 1510 1537 1560 car-

129 1606 254 1685 nificis
272 1609 453 1701 nomine,
472 1610 542 1712 qui
566 1609 727 1691 civitatis
745 1608 1032 1685 incommodum
1057 1607 1099 1688 in
1116 1605 1276 1711 gloriam
1286 1595 1407 1683 suam‘
1418 1609 1538 1711 ponit.

49 1819 50 1823 Ἴ
131 1730 249 1827 Quasi
268 1760 361 1809 vero
373 1760 453 1811 non
473 1734 576 1812 illius
589 1731 863 1811 coniurationis
876 1756 1004 1807 caussa
1021 1730 1488 1825 luerit-consulatustuus,
1501 1750 1540 1808 et

131 1854 275 1933 idcirco
287 1856 502 1960 respublica
517 1857 670 1933 disiecta
682 1884 727 1933 eo
740 1874 917 1960 tempore,
928 1882 1006 1957 quo
1021 1871 1057 1928 te
1067 1853 1262 1929 custodem
1268 1853 1443 1930 babebat
1455 1856 1539 1949 Sed,

130 1996 173 2052 ut
182 1982 346 2085 opinor,
358 1980 424 2057 illa
446 1997 482 2055 te
497 1981 613 2084 magis
627 1979 834 2069 extollunt,
851 2002 937 2081 quae
950 1994 1037 2080 post
1048 1977 1291 2053 consulatum
1303 2004 1392 2051 cum
1400 1980 1540 2053 Teren·

132 2102 180 2175 tia
203 2132 327 2181 uxore
346 2103 394 2178 de
418 2103 614 2207 republica
633 2101 875 2191 consuluisti,
899 2127 991 2175 cum
1006 2100 1096 2203 legis
1110 2100 1268 2175 Plautiae
1281 2100 1421 2175 iudicia
1434 2099 1539 2175 domi

132 2223 337 2302 faciebatis:
355 2253 399 2301 ex
412 2224 619 2303 coniuratis
632 2224 724 2299 alios
736 2239 867 2314 morte,
880 2222 974 2296 alios
980 2221 1442 2324 pecunia-condemnabas,
1449 2248 1539 2310 curn

134 2347 200 2423 tibi
219 2350 323 2425 alirn
333 2348 609 2432 Tusculanam,
632 2346 729 2420 alius
747 2344 1017 2449 Pompeianam
1038 2343 1169 2419 villam
1186 2343 1416 2433 aedificabat,
1441 2344 1539 2423 alius

133 2468 294 2548 domum
313 2471 463 2547 emebat
469 2502 479 2563 3
496 2470 564 2573 qui
579 2496 710 2547 verum
726 2466 827 2543 nihil
846 2482 1011 2569 poterat,
1035 2466 1066 2554 is
1080 2481 1169 2541 erat
1180 2468 1383 2546 calumnias
1398 2494 1540 2572 proxu-

135 2620 233 2685 mus,
245 2597 278 2673 is
291 2611 361 2670 aut
376 2594 534 2671 domum
544 2608 658 2669 tuam
676 2606 940 2693 oppugnatum
955 2603 1128 2675 venerat,
1141 2603 1209 2662 aut
1224 2588 1378 2666 insidias
1389 2591 1539 2667 senatui

135 2714 301 2809 lecerat,
318 2700 484 2819 denique
501 2716 548 2789 de
570 2741 613 2789 eo
632 2714 701 2787 tibi
719 2729 957 2816 compertum
972 2728 1061 2786 erat
1086 2709 1185 2805 Quae
1202 2711 1234 2784 si
1248 2711 1318 2789 tibi
1330 2711 1423 2787 falsa
1441 2713 1566 2795 obii-3

136 2838 210 2927 cio,
247 2842 366 2918 redde
389 2840 597 2926 rationem,
629 2852 822 2937 >quantum
847 2833 1070 2936 patrimonii
1095 2834 1312 2937 acceperis,
1344 2834 1440 2943 quid
1468 2836 1540 2912 tibi

137 2959 267 3041 litibus
283 2962 509 3053 accreverit,
536 2988 612 3064 qua
635 2958 681 3034 ex
696 2958 862 3061 pecunia
887 2960 1044 3038 domum
1059 2957 1264 3060 paraveris,
1276 2958 1539 3036 Tmculnnum

136 3101 171 3159 et
190 3088 469 3192 Pompeianum
492 3084 645 3158 infinito
669 3097 827 3186 sumptu
846 3079 1115 3156 aedificaveris?
1148 3084 1244 3170 Aut,
1262 3079 1294 3154 si
1314 3082 1462 3169 retices,
1475 3082 1539 3157 cui

139 3207 303 3288 dubium
323 3227 392 3301 est,
411 3209 508 3311 quin
529 3196 767 3312 opulentiam
782 3202 891 3277 istam
905 3196 951 3277 er
971 3194 1155 3307 sanguine
1172 3220 1211 3279 et
1223 3203 1380 3279 miseriis
1397 3204 1539 3279 civium

140 3336 351 3431 paraveris?
375 3324 779 3430 Verum,1'1topinor,
802 3324 919 3403 homo
945 3352 1065 3401 novus
1083 3327 1265 3429 Arpinas,
1289 3353 1336 3403 ex
1360 3328 1397 3411 G
1423 3326 1538 3427 Marii

143 3454 307 3547 familia,
332 3458 411 3537 eius
431 3456 610 3537 virtutem
625 3432 826 3541 ,imitatum
848 3450 1061 3527 contemnit
1078 3449 1308 3541 simultates,
1331 3448 1537 3533 hominurn
1607 3439 1615 3460 ⁹

147 3674 214 3760 Cap.
234 3704 261 3749 r.
282 3683 398 3743 animos
415 3680 490 3742 tollit
511 3678 572 3739 Bas.
592 3678 651 3740 inc,
673 3674 758 3737 Rem,
778 3682 864 3751 atquc
877 3672 1016 3753 periuriis
1035 3672 1151 3733 laide.
1172 3672 1226 3732 tibi
1238 3672 1398 3733 iucundus
1416 3672 1536 3733 Laide.

143 3774 199 3850 Bas.
219 3788 365 3849 habitores
384 3787 464 3847 Laid.
486 3808 511 3845 c.
533 3782 611 3843 Gud.
633 3778 683 3843 Ac.
704 3779 763 3839 inc.
782 3776 866 3836 llam.
889 3776 1005 3836 babitus
1024 3778 1097 3839 olim
1114 3776 1237 3841 editum,
1257 3786 1356 3837 umen
1373 3795 1404 3836 te
1416 3773 1537 3843 -Cioero,

148 3882 246 3953 Cicero
262 3893 335 3954 dicit
355 3903 479 3973 quatuor
494 3888 596 3955 Cottii.
616 3883 696 3949 Laid.
710 3903 736 3945 c.
761 3878 864 3941 Cicero
884 3900 914 3940 so
932 3885 1032 3962 vulgo.
1052 3882 1105 3940 sed
1122 3880 1228 3961 opinor
1243 3882 1296 3941 illo
1315 3880 1444 3941 Gudian.
1464 3881 1539 3965 alios

148 4006 236 4055 morte
254 3984 315 4057 orn.
335 3996 396 4057 Bas.
417 4006 541 4077 quatuor
560 3986 640 4055 cort.
661 3986 800 4049 Oudend.
821 4004 922 4046 omnes
940 3988 1068 4045 Veneto.
1099 3984 1296 4047 lbreulonum
1315 3986 1438 4065 plurimi
1454 3983 1537 4047 Cort.

150 4102 342 4178 ttoedtjitobot
361 4101 422 4159 Bas.
441 4136 484 4153 ι-
506 4094 577 4176 Cap.
590 4093 618 4154 3.
637 4100 729 4172 potest
746 4089 867 4154 άιώίαιη
880 4108 936 4151 esso
950 4090 1010 4165 ine.
1028 4097 1121 4168 potest
1138 4108 1195 4148 esse
1206 4090 1276 4149 dub.
1298 4086 1349 4149 Ac·
1365 4087 1444 4147 Gud.
1456 4087 1537 4151 laid.

153 4206 374 4267 eruditiorum
390 4214 430 4266 est
449 4203 511 4265 Bas.
531 4219 568 4261 ex
590 4194 734 4276 sanguine
755 4204 782 4254 et
801 4192 923 4255 otuerit's
941 4195 984 4258 ita
1006 4193 1110 4257 vetusti
1129 4190 1245 4278 Popmae
1271 4190 1348 4253 libri.
1370 4190 1466 4251 Guell.
1487 4191 1538 4254 lle.

1043 4314 1091 4386 36
