3850 4867
1467 313 1536 409 193

114 487 311 557 tamento
336 503 454 562 erant„
488 488 703 567 Plurimum
732 515 821 567 vero
840 457 984 566 Marius
1002 487 1190 591 imperitia
1206 487 1375 565 hostium
1396 487 1535 564 confir-
1543 507 1584 570 99

110 617 280 697 matus,
301 636 418 712 quam
428 640 650 689 maxumum
666 613 863 690 silentium
875 611 1011 688 haberi
1026 612 1157 689 iubet:
1184 640 1234 689 ne
1247 613 1353 718 signa
1370 612 1537 716 quidem,
1633 642 1636 651 ·

113 727 179 800 uti
218 755 304 834 per
331 735 477 840 vigilias
500 739 694 828 solebant,
718 763 853 813 canere
873 768 883 810 ι
907 735 1063 828 deinde,
1083 736 1153 812 ubi
1184 737 1253 812 lux
1285 737 1535 829 adventabat,

115 847 324 930 defessis
312 885 390 932 ram
414 858 585 936 hostibus
613 878 651 937 ct
671 859 806 964 paullo
829 876 920 936 ante
946 885 1081 938 somno
1102 861 1237 966 captis,
1262 860 1346 937 de
1334 861 1538 967 improviso

115 975 287 1082 vigiles,
312 981 405 1058 item
436 983 683 1076 cohortium,
719 982 963 1075 turmarum,
988 985 1183 1094 legionum
1212 985 1399 1062 tubicines
1424 984 1539 1060 simul

118 1102 261 1179 omnis
281 1105 392 1210 signa
413 1135 573 1200 canere,
594 1109 733 1184 milites
755 1107 960 1186 clamorem
988 1109 1119 1185 tollere
1136 1125 1253 1214 atque
1272 1110 1391 1214 portis
1413 1136 1540 1185 crum-

118 1247 230 1328 pere.
286 1229 418 1306 Mauri
439 1249 555 1338 atque
573 1232 764 1327 Gaetuli,
753 1248 882 1339 ignoto
906 1249 945 1308 et
961 1231 1141 1309 horribili
1161 1233 1292 1311 sonitu
1306 1253 1462 1325 repente
1478 1258 1540 1308 cx-

120 1348 215 1442 citi,
245 1379 381 1458 neque
396 1354 540 1462 lingere,
563 1384 690 1462 neque
711 1385 818 1434 arma
838 1385 992 1464 capere,
1017 1355 1142 1463 neque
1160 1357 1319 1435 omnino
1338 1357 1460 1434 facere
1473 1372 1542 1433 aut

121 1475 348 1578 providere
377 1479 586 1584 quicquam
617 1497 823 1587 poterant;
854 1481 909 1558 ita
939 1497 1098 1559 cunctos
1133 1483 1313 1587 strepitu,
1348 1483 1542 1574 clamore,

125 1600 249 1678 nullo
273 1603 541 1698 subveniente,
566 1607 702 1683 nostris
717 1605 968 1697 instantibus,
987 1605 1177 1698 tumultu,
1201 1623 1363 1698 tumre,
1377 1604 1543 1682 formido

126 1726 245 1827 quasi
266 1727 446 1806 vecordia
472 1747 631 1836 ceperat.
679 1730 857 1834 Denique
879 1755 1009 1805 omnes
1030 1729 1104 1806 lusi
1127 1729 1345 1836 fugatique3
1371 1757 1478 1805 arma
1500 1743 1539 1804 et

131 1849 246 1956 signa
276 1852 462 1929 militaria
483 1855 667 1960 pleraque
692 1870 831 1959 capta:
854 1853 1059 1958 pluresque
1081 1880 1125 1930 eo
1142 1855 1297 1959 praelio,
1322 1881 1440 1957 quam
1463 1878 1544 1928 om-

131 1975 257 2056 nibus
290 1978 550 2082 superioribus
572 1977 773 2054 interemti.
818 1977 917 2052 Nam
937 2001 1072 2052 somno
1099 1991 1139 2054 et
1161 1996 1267 2054 metu
1287 1978 1439 2054 insolito
1475 1977 1546 2051 im-

135 2098 273 2203 pedita
296 2101 398 2208 fuga.
451 2103 554 2179 Dein
571 2102 732 2192 Marius,
753 2101 814 2176 uti
833 2115 1018 2204 coeperat,
1042 2101 1086 2175 in
1108 2097 1294 2177 hiberna:
1319 2127 1406 2205 quae
1429 2125 1545 2205 prop-
1559 2139 1615 2180 100

140 2229 199 2300 'ter
228 2241 491 2304 commeatum
526 2228 568 2302 in
599 2224 750 2331 oppidis
775 2223 991 2299 maritumis
1022 2250 1130 2327 agere
1158 2209 1373 2300 decreveral
1385 2257 1396 2319 ;
1422 2249 1548 2328 neque

140 2363 277 2429 tamen
296 2352 456 2428 victoria
471 2375 596 2426 socors
618 2366 689 2425 aut
713 2347 877 2425 insolens
905 2347 1047 2441 factus3
1067 2347 1133 2423 sed
1160 2349 1305 2452 pariter
1327 2375 1372 2423 ac
1392 2348 1433 2424 in
1460 2374 1551 2424 con-

141 2491 280 2577 spectu
309 2473 480 2554 hostium
505 2475 695 2580 quadrato
729 2473 879 2579 agmine
905 2471 1089 2548 incedere.
1133 2471 1239 2548 Sulla
1264 2499 1354 2548 cum
1378 2472 1553 2577 equitatu

144 2702 227 2766 Laid.
236 2703 272 2769 h.
293 2710 393 2788 plures
414 2705 531 2787 Popmae
551 2703 639 2778 libri,
658 2712 715 2764 tres
728 2701 844 2764 Wmii.
871 2697 977 2773 Baui-
996 2699 1153 2760 cohor-uun
1178 2699 1303 2763 Romal.
1323 2700 1386 2763 Bas.
1403 2702 1433 2774 l.
1452 2711 1555 2784 porus

146 2828 188 2870 a·-
208 2815 314 2875 Prone
333 2811 421 2879 Febr.
433 2832 462 2872 ι.
481 2810 585 2891 ignoto
605 2815 693 2890 alque
709 2791 948 2867 ῙιοιιιἸιέΙίΒοηι.
960 2826 987 2865 ι.
999 2803 1027 2868 3.
1047 2803 1117 2865 Tur.
1136 2805 1470 2885 mmmmsomtdine,
1493 2817 1556 2867 lcu-

149 2933 217 2978 rore
231 2939 262 2998 q.
276 2938 336 2981 m.
356 2917 425 2979 lue.
444 2915 508 2977 Bas.
525 2937 551 2976 ι.
570 2915 638 2976 Seu.
651 2936 677 2974 ι.
697 2913 815 2976 Vrtur.
833 2898 972 2981 Guelil.
988 2929 1155 2970 ro.1r.1a.
1174 2910 1347 2988 semidine
1358 2921 1456 2972 terror·
1474 2911 1555 2977 Vral.

155 3039 182 3080 a.
201 3022 383 3090 (inclini.
404 3019 532 3082 Potachii
546 3019 630 3081 liber.
651 3013 906 3094 terroresormido
923 3017 1031 3076 vinar.
1043 3035 1070 3075 a.
1090 3015 1243 3076 Febrim.
1263 3015 1400 3098 Guelly.
1420 3019 1509 3079 Palas.
1525 3015 1555 3077 3.

152 3124 250 3193 Turic-
262 3153 305 3191 m.
319 3149 376 3190 rec.
388 3125 561 3207 somuiline
578 3109 641 3186 om.
662 3127 753 3189 Pelet.
767 3123 797 3194 l.
817 3131 970 3203 acceperat
988 3118 1050 3178 Bas.
1064 3141 1091 3180 1.
1103 3119 1133 3191 4.
1152 3117 1257 3182 Frorrc.⁵
1277 3121 1373 3183 Struv.
1394 3119 1508 3181 Falerio.
1525 3139 1554 3180 a.

153 3231 218 3296 Seu.
230 3257 257 3297 ι.
276 3235 362 3301 liam.
382 3233 466 3317 Berg.
484 3231 626 3296 Vinum.
653 3233 777 3291 Vretr.
802 3227 869 3288 Ecc.
889 3225 986 3286 Gucll.
1001 3246 1025 3284 ι.
1040 3224 1109 3296 nl.
1125 3248 1153 3308 7.
1167 3247 1212 3286 ro.
1232 3225 1314 3286 leid.
1323 3223 1467 3289 l).c.o.ls.
1477 3227 1498 3285 i.
1511 3244 1554 3284 m.

155 3355 187 3404 n.
204 3339 274 3427 Τις.
293 3341 365 3403 Tur.
383 3339 507 3401 aeruna
525 3333 794 3418 plureseoprocl‘w
813 3331 915 3392 nur.
921 3331 1006 3410 fitga
1022 3329 1161 3412 inpeddo
1179 3329 1265 3392 Febr.
1284 3329 1382 3391 Turio.

235 3471 309 3555 Cap.
328 3491 397 3532 roo.
426 3469 461 3529 ἰιι
475 3463 771 3527 memoraliter
790 3460 854 3521 Bas.
870 3481 897 3520 ι.
918 3459 1068 3520 deteriores
1078 3457 1187 3534 Cottii,
1209 3459 1406 3537 duoWaaii,
1427 3459 1552 3523 ataid.

159 3571 220 3642 hu
231 3599 271 3639 m.
291 3579 378 3639 Bern.
393 3598 420 3636 1.
448 3573 535 3637 ceteri
556 3569 637 3631 Leid
655 3566 850 3651 prqioncilur
869 3559 1003 3624 exhibere
1028 3564 1173 3630 ridentur.
1205 3561 1321 3624 Marius
1335 3537 1492 3646 proficuas
1512 3566 1558 3626 uli

161 3695 289 3765 ωφσναι
313 3685 347 3744 in
362 3683 486 3744 ho'benm
503 3686 625 3760 propter
646 3695 752 3736 comm.
773 3672 862 3732 Pelet.
886 3669 915 3730 3.
939 3667 1167 3750 proficiscitur
1153 3690 1187 3730 ιιι
1203 3669 1262 3730 hu.
1292 3670 1426 3753 Palatq.
1453 3671 1558 3732 inhio.

92 3773 99 3786 ’
162 3791 236 3870 pros.
255 3791 315 3853 nl.
335 3787 436 3861 aaa
455 3789 592 3848 istamen
606 3783 690 3841 addit
703 3777 772 3858 quio
789 3778 853 3838 iter.
874 3777 1007 3860 plerique
1025 3779 1139 3834 nullum
1162 3775 1286 3839 verbnm
1303 3785 1475 3860 agnoscunt.
1496 3796 1561 3856 qum

165 3909 221 3956 un.
239 3897 334 3962 Senot.
353 3895 455 3960 Vmor.
475 3891 576 3953 nem.
596 3888 664 3953 Ecc.
685 3883 783 3946 Gucli.
801 3903 866 3945 ι.ι.
878 3903 946 3964 7.9.
968 3881 1078 3962 aliquot
1091 3880 1225 3955 Grutcri,
1245 3883 1452 3958 oeuwaoii,
1467 3879 1558 3946 Beer.

168 3995 230 4063 Tur.
248 4003 333 4070 Bern,
345 4001 375 4064 3.
394 4017 485 4081 neque
500 4007 602 4058 tamen
616 4013 714 4055 socors
728 3988 853 4054 onorio
871 3985 930 4048 hoc
948 3985 1053 4046 ordine
1068 3985 1147 4069 llerg.
1168 3985 1266 4046 Gucls.
1281 3991 1309 4052 s.
1320 3999 1424 4049 'secors
1438 3989 1520 4050 leid.
1532 4011 1559 4051 o.

170 4103 331 4187 cam
350 4105 437 4170 Bern.
448 4127 474 4165 ι.
503 4121 557 4163 nec
572 4111 674 4160 tomen
691 4099 761 4160 Vin.
775 4117 800 4156 ι.
817 4092 933 4176 pariter
947 4111 985 4152 ac
998 4089 1158 4152 Fabullcc.
1169 4089 1252 4174 Berg.
1262 4091 1359 4154 Struv.
1376 4095 1435 4154 inc.
1455 4092 1561 4157 Franc-

174 4209 343 4288 θιιΙιΜ.
356 4235 386 4298 9.
406 4209 469 4272 uu.
482 4210 548 4281 ul.
567 4207 665 4268 Turic.
684 4201 868 4284 red'porilcr.
888 4201 940 4261 sed
952 4219 1014 4259 om.
1036 4195 1168 4263 Gneus.
1190 4207 1276 4278 alque
1290 4199 1387 4259 ceteri.
1406 4199 1562 4264 daeuunor
