3850 4867
398 340 450 434 84

373 519 482 620 6Qui
504 519 573 596 ubi
592 518 763 626 primum
776 519 959 612 adolevit,
983 519 1132 626 pollens
1148 516 1311 613 viribus,
1332 515 1468 596 decora
1482 513 1596 608 faeie,
1613 514 1678 592 sed
1695 511 1797 590 mul·

401 661 440 721 to
460 670 638 721 maxume
654 643 807 751 ingenio
825 645 995 736 validus,
1018 673 1099 722 non
1123 671 1163 722 se
1182 645 1279 721 luxu
1307 670 1433 747 neque
1455 641 1602 719 inertia
1626 658 1798 717 eorrum-

398 769 571 874 pendum
585 769 710 864 dedit3
730 769 811 859 sed,
835 770 894 845 uti
920 795 1001 848 mos
1026 769 1148 876 gentis
1167 768 1271 844 illius
1297 784 1369 857 est,
1394 767 1586 870 equitare,
1612 760 1796 849 iaculari,

395 919 512 968 cursu
528 919 618 969 oum
632 893 842 996 aequalibus
864 910 1025 969 certare:
1039 909 1078 970 et
1097 920 1220 996 quum
1237 892 1360 968 omnis
1379 890 1498 997 gloria
1519 890 1697 978 anteiret,
1718 913 1798 962 om-

397 1015 513 1092 nibus
541 1034 667 1092 tamen
694 1043 803 1094 carus
831 1043 927 1094 esse:
961 1017 1011 1093 ad
1041 1016 1116 1092 hoe
1139 1016 1321 1122 pleraque
1348 1032 1518 1119 tempora
1552 1014 1595 1089 in
1620 1011 1797 1089 venando

397 1167 526 1247 agere,
552 1140 701 1218 leonem
720 1159 835 1246 atque
851 1141 944 1216 alias
966 1140 1062 1218 ieras
1080 1141 1227 1245 primus
1247 1156 1316 1215 aut
1337 1139 1380 1214 in
1395 1139 1528 1243 primis
1544 1138 1684 1214 ferire:
1709 1136 1798 1241 plu·
1887 1130 1888 1163 l

395 1267 539 1342 rimum
556 1265 678 1342 facere
697 1283 735 1342 et
750 1267 957 1342 minimum
977 1265 1056 1368 ipse
1078 1265 1127 1340 de
1147 1291 1186 1340 se
1201 1265 1316 1367 loqui.
1359 1265 1511 1361 Quibus
1528 1263 1641 1338 rebus
1660 1261 1797 1365 Micip-

394 1415 452 1480 sa,
469 1391 615 1466 tametsi
636 1391 746 1466 initio
766 1391 872 1466 laetus
897 1390 1040 1479 fuerat,
1065 1379 1295 1464 existumans
1313 1387 1493 1465 virtutem
1511 1385 1723 1492 Iugurthae
1741 1411 1797 1459 re·

394 1539 470 1618 gno
485 1541 554 1590 suo
576 1512 705 1618 gloriae
728 1513 832 1590 iore:
867 1531 1013 1603 tamen,
1047 1530 1249 1618 postquam
1273 1512 1470 1588 hominem
1491 1511 1795 1595 adulescentem,
1887 1538 1888 1613 j

395 1654 526 1714 exacta
547 1663 615 1713 sua
636 1654 744 1714 aetate
769 1655 807 1713 et
825 1637 948 1743 parvis
971 1637 1119 1727 liberis,
1143 1637 1259 1743 magis
1278 1639 1472 1742 magisque
1494 1661 1657 1712 creseere
1682 1633 1796 1710 intel-
1887 1636 1888 1721 Τ

316 1787 319 1794 ’
395 1760 503 1866 legit,
527 1761 767 1839 vehementer
791 1788 836 1838 eo
866 1761 1017 1869 negotio
1042 1777 1254 1865 permotus,
1285 1762 1409 1836 multa
1443 1786 1533 1836 oum
1561 1759 1695 1834 animo
1728 1783 1795 1833 suo
1887 1758 1888 1779 ,

394 1885 577 1961 volvebat
615 1887 797 1962 Terrebat
817 1912 907 1960 eum
925 1902 1065 1960 natura
1080 1885 1321 1974 mortalium,
1347 1885 1456 1961 avida
1478 1883 1630 1988 imperii
1645 1899 1684 1959 et
1699 1905 1794 1987 proe-

395 2035 480 2114 oeps
498 2011 549 2086 ad
562 2010 790 2116 explendam
809 2009 929 2086 animi
950 2007 1196 2112 cupidinem:
1220 2024 1400 2113 proeterea
1424 2007 1690 2113 opportunitas
1717 2030 1793 2081 suae

399 2132 684 2239 liberorumque
704 2133 842 2224 aetatis,
861 2156 947 2235 quoe
973 2132 1090 2206 etiam
1100 2131 1300 2208 mediocris
1318 2133 1417 2207 viros
1433 2158 1500 2236 spe
1516 2131 1654 2236 praedoe
1674 2146 1792 2205 trans

394 2283 517 2334 versos
539 2259 650 2363 agit:
682 2255 825 2332 adhoc
848 2255 974 2332 studia
998 2256 1255 2332 Numidarum
1282 2257 1324 2332 in
1353 2255 1580 2362 Iugurtham
1611 2281 1792 2344 aecensa5

395 2407 441 2456 ex
461 2381 618 2484 quibus,
643 2381 675 2456 si
697 2380 811 2456 talem
831 2378 957 2456 virum
991 2379 1088 2456 dolis
1109 2379 1369 2482 interfecisset,
1392 2407 1442 2456 ne
1471 2408 1548 2484 qua
1568 2381 1702 2457 seditio
1729 2395 1794 2455 aut
1887 2404 1888 2479 j

368 2503 546 2600 7bellum
569 2504 763 2592 oriretur,
801 2503 937 2578 anxius
966 2520 1055 2579 erat.
1093 2504 1163 2601 His
1195 2504 1483 2581 difficultatibus
1511 2506 1790 2584 circumventus
1887 2514 1888 2529 ¹

398 2625 467 2703 ubi
489 2626 615 2717 videt,
637 2649 762 2731 neque
784 2626 947 2732 pervim
972 2653 1097 2732 neque
1117 2627 1261 2704 insidiis
1286 2629 1452 2735 opprimi
1467 2656 1572 2735 posse
1594 2627 1789 2710 hominem
1887 2688 1888 2727 ,

480 2823 553 2906 Cap.
568 2827 597 2886 6.
618 2827 690 2888 luxu
726 2822 829 2889 Franc.
855 2823 1056 2889 Vratislar.'2.
1087 2825 1185 2888 Gueli.
1202 2827 1230 2888 5.
1245 2849 1275 2909 9.
1307 2826 1420 2887 Fabrie.
1439 2825 1526 2890 nivii.
1556 2827 1644 2887 Palat.
1659 2829 1791 2888 meliores
1887 2834 1888 2847 ¹

394 2932 462 2993 Non.
483 2931 603 2994 Comm.
622 2954 664 2997 ιιι.
678 2953 726 3014 pr.
754 2933 1002 3010 corrumpendam
1020 2953 1082 2991 om.
1101 2933 1161 2992 Erl.
1192 2954 1254 2993 mos
1271 2941 1312 2993 est
1332 2933 1409 2993 iilius
1428 2934 1523 3013 gentis
1542 2933 1603 3000 Eri.
1631 2932 1675 2995 ill.
1687 2935 1787 3014 gast

362 3073 368 3088 ·
393 3036 478 3123 Beffl.
489 3037 517 3099 3.
538 3056 624 3099 eorus
642 3055 707 3098 esse.
727 3045 797 3096 oswi
812 3034 909 3094 Guell‘.
928 3058 953 3096 1.
974 3045 1039 3096 erat
1053 3037 1151 3098 Guell.
1165 3039 1192 3098 5.
1213 3038 1312 3102 lienes.
1336 3039 1403 3099 San.
1419 3061 1447 3100 a.
1466 3040 1546 3102 Vrat.
1562 3041 1591 3101 ὅ.
1620 3041 1702 3102 leid.
1723 3039 1753 3099 h.
1766 3040 1786 3098 i,

393 3165 433 3202 m.
449 3165 479 3203 ιι.
500 3142 570 3204 Tur.
590 3161 647 3204 esse
666 3163 727 3206 om.
747 3139 813 3200 Eoo.
831 3139 993 3218 ρὶιιιὶιιιιιιη
999 3142 1106 3217 faeere
1123 3161 1185 3202 om.
1205 3141 1302 3205 Guels.
1318 3145 1346 3210 5.
1358 3145 1465 3221 socero
1482 3146 1559 3211 delet
1574 3145 1710 3208 Coelio.
1731 3147 1786 3206 mi-

391 3248 471 3310 nime
490 3248 588 3310 Gueli.
604 3267 650 3307 ιι.
669 3243 789 3308 vrato.
810 3245 886 3302 dese
899 3243 960 3324 ipso
979 3243 1082 3306 manc.
1101 3247 1220 3313 Vtata.
1241 3247 1374 3308 Leidm.
1394 3253 1433 3309 de
1445 3269 1475 3310 so
1491 3250 1549 3331 ipse
1569 3251 1655 3311 Fabr.
1670 3273 1698 3313 ι.
1717 3255 1785 3333 pln-

392 3371 435 3411 res
447 3351 534 3415 nivii.
555 3351 612 3432 ι’ριι
623 3370 683 3414 οιιι.
701 3347 781 3410 Leid.
793 3367 824 3411 ιι.
836 3346 942 3424 faeere
959 3348 1115 3409 minimum
1122 3351 1218 3413 Strnv.
1238 3363 1343 3414 eoeaota
1354 3363 1440 3416 oelate
1460 3356 1527 3434 (sua
1538 3359 1656 3436 omissa)
1678 3357 1750 3418 Bem
1761 3378 1783 3416 1.

391 3463 421 3514 et
435 3477 518 3534 parv.
532 3456 582 3516 lib.
601 3464 630 3515 et
644 3475 704 3514 om.
719 3453 814 3513 Struv.
835 3449 1019 3513 duowrnii.
1040 3453 1182 3536 intellegit
1200 3455 1262 3516 Bas.
1285 3479 1311 3517 ι.
1331 3458 1444 3521 Febris.
1460 3480 1485 3525 1.
1511 3461 1631 3526 Eooard.
1651 3464 1746 3524 Sonat.
1760 3483 1782 3520 ι.
1887 3464 1888 3509 l

393 3557 489 3624 Guell'.
502 3581 527 3618 ι.
539 3560 570 3626 6.
592 3556 734 3620 intellexit
752 3558 853 3620 ine.‘2.
875 3555 971 3616 Guell'.
984 3575 1012 3616 a.
1025 3561 1053 3619 3.
1065 3581 1076 3617 ι
1086 3580 1111 3619 ι.
1129 3580 1164 3620 eo
1177 3561 1303 3642 nogotio.
1324 3583 1358 3625 eo
1377 3583 1439 3631 om.
1460 3564 1557 3625 Guell'.
1570 3566 1599 3638 A.
1620 3567 1722 3629 animo
1735 3587 1782 3628 suo

391 3683 480 3744 pron.
495 3683 556 3729 om.
576 3661 661 3724 Febr.
677 3682 704 3723 a.
723 3661 802 3722 Vrat.
815 3679 843 3722 ι.
862 3661 969 3722 Vina.
990 3661 1088 3724 Guelf.
1101 3665 1129 3728 5.
1148 3664 1234 3726 Bern.
1247 3667 1276 3732 ὅ.
1296 3669 1394 3730 ιιιιίιιιὶ
1407 3670 1597 3752 timiditatem
1624 3673 1735 3741 Rubrio,
1757 3693 1780 3731 1.

375 3769 472 3838 ¹irat.
484 3769 513 3832 ὅ.
532 3769 616 3834 Rom.
630 3787 658 3828 a.
679 3765 776 3826 Guell.
796 3786 823 3826 a.
835 3765 874 3843 23.
890 3786 920 3845 9.
941 3785 987 3825 ιο.
1001 3787 1047 3827 ιι.
1075 3767 1193 3835 laida.
1213 3791 1272 3833 stur
1288 3773 1500 3853 lunaremque
1517 3777 1620 3837 matu.
1639 3780 1680 3839 rie
1698 3783 1780 3861 longe
1887 3846 1888 3869 p

391 3872 513 3955 plurimi
529 3871 625 3932 Codd.
645 3889 757 3949 ιιιιιᾳιιι
772 3879 799 3931 et
820 3869 872 3928 tib.
894 3869 960 3930 niv.
979 3889 1014 3930 ex
1030 3873 1088 3931 mis
1100 3872 1198 3939 Codd.
1220 3897 1289 3940 eum
1311 3891 1470 3960 sequuntur
1486 3879 1643 3957 Gruterus,
1664 3884 1779 3952 Parem,

391 3977 535 4050 wastina,
556 3975 688 4049 Cottius,
708 3975 823 4038 Letoa.
835 3973 973 4034 b.c.s.n.
993 3995 1053 4036 tuce
1066 3977 1223 4039 ider-orum
1242 3981 1304 4042 llas.
1322 4003 1348 4047 ι.
1369 3984 1418 4043 lib.
1432 4004 1545 4065 utaque
1562 3988 1657 4048 Strur.
1675 4000 1705 4049 et
1722 3989 1778 4048 duo

390 4082 441 4142 alii
454 4079 536 4140 Cort.
557 4079 591 4138 in
606 4079 754 4160 Iugurtha
765 4099 888 4142 aceensa
906 4078 975 4138 vin.
992 4101 1020 4141 2.
1040 4080 1092 4142 Ae.
1112 4085 1209 4150 inea.
1229 4087 1309 4147 Vrat.
1320 4087 1349 4148 3.
1370 4088 1466 4150 Guelf.
1478 4091 1507 4152 6.
1524 4112 1567 4151 ιι.
1588 4091 1711 4155 Βιιιι.ὄ.
1723 4096 1776 4153 do-
1887 4116 1888 4123 ¹

390 4185 427 4258 lie
443 4186 638 4264 interfecisset.
666 4185 741 4256 dolis
755 4186 838 4250 omis.
850 4183 946 4250 Guelt.
959 4186 989 4260 4.
1011 4186 1090 4250 Vrat.
1104 4207 1133 4248 ι.
1159 4189 1271 4254 laidi.
1297 4193 1366 4260 dolo
1396 4194 1480 4256 Bem.
1496 4196 1525 4260 3.
1558 4217 1599 4262 m,
1610 4219 1657 4283 pr,
1684 4199 1774 4266 virum
1834 4245 1839 4249 -

390 4293 474 4360 οιιιὶι.
494 4291 555 4358 llas.
567 4293 598 4368 i,
947 4318 950 4328 ι
