3850 4867
374 345 441 398 102

370 501 404 578 ri
422 501 522 578 locos
536 527 774 607 occupavere.
800 499 872 580 Sed
890 505 1009 580 Persae
1026 502 1127 579 intra
1144 505 1342 580 Oceanum
1356 501 1490 609 magis;
1505 502 1624 608 hique
1638 501 1760 580 alveos

370 627 527 703 navium
559 627 730 702 invorsos'
746 653 817 730 pro
844 628 1004 734 tuguriis
1036 627 1229 720 habuere,
1260 630 1352 732 quia
1382 655 1507 732 neque
1536 629 1695 705 materia
1719 626 1762 702 in

370 753 467 858 agris
488 779 613 854 neque
638 750 686 825 ab
715 752 893 857 Hispania
915 752 1074 827 emundi
1104 769 1172 827 aut
1198 751 1375 828 mutandi
1399 753 1508 858 copia
1532 769 1636 844 erat,
1659 777 1763 828 mare

201 845 205 864 Ι
250 881 253 898 ’
372 903 554 981 magnum
573 893 610 952 et
634 875 765 982 ignara
783 877 914 982 lingua
934 875 1158 952 commercia
1177 875 1442 980 prohibebant
1490 877 1542 952 Hi
1560 876 1766 982 paullatim

371 1028 441 1106 per
474 1001 667 1076 connubia
692 1000 851 1076 Getulos
875 1026 1005 1076 secum
1032 1000 1233 1094 misouere3
1256 1017 1295 1076 et
1314 1001 1405 1105 quia
1426 1025 1524 1104 aaepe
1539 1017 1765 1107 temptantes

373 1150 479 1231 agros
501 1124 576 1199 alia
593 1123 732 1200 deinde
756 1124 831 1199 alia
854 1124 936 1200 loca
954 1125 1186 1228 petiverant,
1208 1138 1324 1199 semet
1347 1123 1417 1228 ipsi
1438 1124 1621 1201 Numidas
1638 1125 1767 1230 adpel-

294 1251 298 1260 ’
374 1249 504 1325 lavere.
543 1251 718 1324 Ceterum
737 1247 865 1324 adhuc
890 1249 1049 1326 aedificia
1067 1248 1321 1324 Numidarum
1339 1247 1561 1354 agrestium,
1581 1275 1669 1352 quae
1689 1275 1768 1324 ma·

373 1371 476 1476 palia
504 1371 561 1446 illi
579 1387 737 1460 vocant,
756 1371 939 1476 oblonga,
959 1371 1125 1446 incurvis
1148 1370 1327 1446 lateribus
1347 1387 1463 1462 tecta,
1480 1373 1587 1474 quasi
1610 1373 1769 1449 navium

374 1494 514 1570 carinae
536 1511 635 1568 sunt.
685 1493 805 1568 Medis
821 1510 949 1568 autem
966 1509 1004 1567 et
1027 1494 1200 1568 Amnis
1225 1519 1407 1570 accessere
1429 1495 1562 1600 Libyes
1589 1496 1707 1593 (nam
1727 1497 1769 1572 hi

375 1617 532 1723 propius
562 1641 666 1692 marc
694 1614 867 1690 Africum
891 1616 1108 1720 agitabant3
1149 1616 1281 1690 Getuli
1310 1618 1381 1692 sub
1403 1617 1481 1694 sole
1500 1620 1634 1723 magis,
1663 1619 1771 1696 haud

376 1741 511 1846 procul
538 1741 587 1813 ab
609 1738 834 1838 ardoribus)
860 1739 979 1842 hique
997 1756 1146 1814 mature
1169 1739 1309 1843 oppida
1343 1737 1528 1838 habuere,
1552 1771 1646 1820 nam
1674 1745 1772 1821 freto

332 1859 334 1868 ’
376 1865 485 1942 dirisi
502 1865 552 1938 ab
571 1863 754 1968 Hispania
770 1879 992 1938 mutareres
1009 1864 1162 1938 interae
1179 1864 1430 1938 instituerant
1477 1868 1624 1947 Nomen
1638 1895 1773 1944 eorum

376 1989 580 2095 paullatim
610 1989 746 2091 Libyes
777 2012 1001 2090 corrupere,
1026 1986 1189 2061 barbara
1223 1986 1354 2091 lingua
1382 1989 1536 2065 Mauros
1563 2019 1634 2095 pro
1652 1995 1773 2078 Medio

376 2114 618 2219 adpellantes.
669 2111 742 2186 Sed
768 2137 825 2186 res
845 2114 1043 2186 Persariun
1066 2110 1172 2185 brevi
1191 2109 1381 2186 adolevit:
1407 2139 1452 2188 ac
1469 2131 1597 2217 postea
1617 2119 1773 2194 nomine

375 2237 567 2328 Numidae,
592 2251 749 2340 propter
765 2233 1056 2310 multitudinem
1087 2260 1109 2307 a
1138 2233 1359 2336 parentibus
1391 2235 1562 2340 digressi,
1587 2241 1773 2344 possidere

378 2387 421 2438 ea
440 2361 540 2452 loca,
567 2384 652 2462 quae
682 2383 868 2462 proxume
892 2354 1161 2460 Carthaginem
1189 2355 1370 2430 Numidia
1397 2358 1627 2464 adpellatur.·
1672 2367 1773 2442 Dein

379 2485 535 2586 utrique
553 2481 679 2557 alteris
701 2480 787 2556 freti
805 2479 999 2554 finitumos
1018 2479 1133 2554 armis
1149 2496 1217 2552 aut
1231 2496 1336 2554 metu
1348 2483 1420 2555 sub
1438 2482 1643 2588 imperium
1660 2513 1774 2566 ouum

380 2633 557 2711 coegere,
584 2629 724 2678 nomen
743 2602 979 2707 gloriamque
999 2601 1071 2676 sibi
1093 2600 1289 2692 addidere,
1315 2606 1433 2710 magis
1453 2605 1514 2696 hi,
1539 2611 1607 2712 qui
1628 2613 1680 2687 ad
1706 2643 1774 2690 no-

378 2747 501 2807 strum
517 2755 621 2803 marc
649 2740 926 2833 processerant:
951 2724 1043 2827 quia
1071 2725 1223 2828 Libyes,
1248 2753 1366 2830 quam
1389 2729 1521 2807 Getuli
1545 2734 1674 2813 minua
1696 2739 1775 2816 bel·

378 2975 467 3036 dead.
494 2975 560 3037 Eoo.
580 2961 626 3036 aex
648 2976 745 3036 Guelf.
766 2983 852 3054 atque
873 2973 954 3056 quod
972 2975 1082 3055 priores
1096 2973 1172 3032 Edit.
1195 2987 1408 3054 occupaverat,
1418 2980 1556 3061 ignorant
1576 3003 1679 3046 omnen
1694 2987 1774 3050 leid.

378 3093 500 3151 altemm
514 3091 576 3150 alia
594 3090 854 3172 plureaomittunt.
874 3097 960 3147 samer
977 3085 1032 3166 ipsi
1049 3085 1111 3144 Bar.
1128 3108 1152 3145 ι.
1172 3085 1256 3146 Febr.
1279 3087 1376 3149 Gucll.
1394 3113 1420 3150 r.
1439 3091 1505 3153 Ere.
1536 3095 1775 3173 leid.h.c.d.1.

378 3203 499 3265 Brund.
521 3203 595 3284 ipsos
613 3203 709 3262 ceteri.
730 3201 862 3282 illimop.
881 3199 950 3282 Teg.
970 3199 1040 3259 Tar.
1061 3199 1174 3260 Bima.
1195 3201 1342 3281 mappalia
1356 3203 1442 3265 Febr.
1466 3213 1566 3269 Franr.
1583 3213 1643 3278 alii.
1654 3213 1778 3278 Armeni

378 3317 439 3378 Bas.
453 3339 478 3383 1.
494 3317 577 3378 Fabr.
596 3337 620 3375 ι.
633 3337 673 3372 m.
686 3335 733 3396 pr.
748 3335 776 3375 2.
793 3335 896 3374 mser.
917 3313 969 3374 Ac.
989 3313 1058 3374 vin.
1073 3333 1100 3372 2.
1120 3314 1187 3372 Seu.
1204 3336 1229 3379 ι.
1249 3314 1333 3373 llam.
1345 3337 1372 3375 2.
1392 3319 1453 3378 alii.
1474 3319 1559 3380 Marii
1568 3330 1776 3389 wanuh.

380 3430 471 3489 arcarii
487 3448 630 3490 arcessere
641 3428 745 3510 Libyes
764 3435 874 3506 septem
886 3427 989 3486 Wassii
1006 3425 1083 3484 libri.
1107 3447 1147 3485 m.
1168 3447 1224 3491 sec.
1238 3437 1267 3486 ot
1279 3427 1375 3489 Ciacc.
1389 3429 1474 3495 liber.
1493 3431 1579 3494 Medi
1588 3457 1617 3497 a.
1628 3450 1658 3500 et
1671 3443 1778 3506 Arim-

381 3543 416 3600 ni
427 3557 569 3600 uocauere
582 3541 686 3623 Libyes
706 3539 851 3599 Cornnrel.
873 3538 956 3600 Febr.
971 3558 998 3597 2.
1025 3537 1121 3601 Stmv.
1150 3561 1189 3597 m.
1199 3560 1244 3620 pr.
1266 3539 1349 3606 llam.
1367 3563 1392 3600 ι.
1416 3545 1477 3608 inc.
1489 3549 1595 3628 lirano.
1616 3551 1696 3615 Vna
1712 3563 1775 3622 us.

380 3649 1185 3733 n00.cu01r,4.7.10.11.12.Bas.t.ssern.1.1aa
1211 3651 1314 3724 ΒΜ.
1332 3656 1421 3730 fretu
1447 3658 1564 3720 Martia.
1594 3681 1777 3752 corrumpam

381 3765 533 3828 Febrim.
554 3764 615 3824 Bas.
632 3787 656 3824 1.
683 3766 778 3824 Strur.
807 3762 903 3822 Guelf.
921 3763 951 3833 4.
969 3784 996 3843 7.
1017 3763 1101 3824 llam.
1120 3784 1146 3822 1.
1174 3763 1271 3823 Senat.
1290 3787 1315 3824 ι.
1342 3765 1422 3827 Vrat.
1433 3789 1461 3830 2.
1474 3771 1502 3836 5.
1526 3777 1627 3839 Fraac.
1645 3781 1727 3845 leid.
1737 3809 1775 3852 πα.

381 3875 500 3938 nomine
512 3875 662 3936 Numidica
682 3878 768 3938 multi
780 3876 848 3938 libri
863 3895 1025 3958 perperam.
1050 3875 1197 3956 prosilere
1217 3875 1326 3938 Fabrio.
1348 3890 1441 3963 uterq.
1467 3883 1518 3950 lc.
1549 3893 1650 3954 Frena.
1676 3897 1770 3962 sam,

382 3993 462 4056 Vrat.
478 4011 506 4051 2.
526 3991 593 4052 Eoc.
617 3989 714 4051 Guell.
727 4011 754 4052 2.
768 3990 796 4055 5.
811 4011 840 4070 9.
855 4009 900 4047 ιι.
920 4009 966 4049 ι2.
988 3987 1112 4048 Pariab.
1123 3988 1153 4048 d.
1175 3987 1237 4048 Bas.
1255 4011 1280 4050 1.
1293 3991 1322 4063 4.
1342 3991 1427 4055 Bern.
1443 4017 1468 4056 a.
1480 3997 1509 4058 d.
1527 4005 1674 4080 proxima
1687 4009 1774 4086 Gora¹

384 4109 501 4167 Fronto.
523 4123 545 4164 o.
559 4125 639 4168 roca.
661 4103 850 4186 orlpcllantur
875 4101 973 4162 Sonat.
1001 4101 1101 4162 Herae.
1130 4100 1225 4162 Strnr.
1254 4106 1351 4170 Guelf.
1366 4127 1391 4166 1.
1406 4110 1434 4170 3.
1446 4131 1474 4190 7.
1489 4132 1535 4173 ιο.
1551 4135 1597 4177 aa.
1622 4120 1692 4206 Tag.
1718 4118 1774 4189 er.

383 4217 452 4279 rur.
473 4239 514 4280 m.
534 4237 590 4279 ec.
610 4217 680 4280 aa
700 4215 835 4288 caena
856 4213 965 4278 aare
984 4215 1080 4277 eae.
1100 4212 1483 4302 mammaeam.
1501 4243 1587 4290 aam
1605 4249 1666 4298 om.
1681 4238 1774 4302 aaa.
1903 4204 1904 4229 ¹
