3850 4867
1513 348 1562 399 XV

256 514 380 591 Multo
404 512 616 589 accuratius
638 512 787 590 Cortius
809 512 926 589 libros
946 512 1030 588 Mas.
1054 513 1197 616 quibus
1219 534 1310 586 usus
1327 525 1396 598 est,
1420 503 1561 583 e'xa'rni-

157 640 267 717 navit
285 652 400 743 atque
420 638 614 743 decripsit3
645 637 693 714 de
719 639 859 743 quibus
880 638 1012 741 paucis
1036 659 1234 742 exponam.
1283 640 1368 740 Ipsa
1396 613 1565 729 auctoris=

155 764 290 854 verba,
317 781 509 867 quantum
531 762 612 837 fieri
633 763 771 867 potuit,
789 762 948 855 retinui,
976 764 1134 855 omissis,
1159 786 1245 864 quae
1271 776 1293 836 a
1320 777 1450 835 nostro
1472 784 1562 864 pro·

159 890 281 992 posito
307 905 417 965 erant
436 888 570 963 aliena.
1222 878 1227 885 ’

257 1014 500 1088 Fabrioimzos
530 1014 571 1087 in
604 1011 835 1097 membranis
866 1011 1146 1090 accuratissime
1170 1010 1329 1114 scriptos
1357 1010 1393 1085 ei
1411 1008 1563 1096 obtulit

157 1140 209 1211 Io.
226 1138 400 1213 Albertus
418 1138 623 1211 Fabricius.
648 1138 793 1211 Eorum
807 1135 930 1239 prior,
944 1137 1073 1211 Cortio
1097 1136 1241 1226 iudice,
1252 1135 1399 1210 excedit
1413 1151 1563 1209 aetatem

155 1263 485 1366 septingentorum
508 1288 718 1350 annorum,
743 1261 865 1336 multa
884 1263 991 1336 enim
1009 1261 1249 1355 antiquitatis
1263 1260 1414 1365 vestigia
1432 1257 1564 1362 depre-

159 1385 347 1463 henderis.
387 1387 527 1471 Glossae
552 1386 738 1460 rarissime
761 1402 940 1490 receptae3
969 1387 1108 1490 passim
1125 1403 1329 1490 ‘corruptus
1359 1402 1454 1459 esta
1481 1400 1565 1457 cor·

158 1530 322 1601 rectore,
343 1511 407 1587 sed
424 1528 470 1586 ut
491 1511 602 1586 facile
620 1511 761 1615 primas
785 1510 962 1585 lectiones
980 1510 1205 1613 adsequaris.
1230 1509 1336 1585 Alter
1359 1509 1491 1614 paullo
1505 1509 1565 1581 iu·
1680 1544 1684 1553 r

159 1636 265 1723 nior,
282 1634 414 1724 forma,
427 1635 613 1724 ateium,
626 1635 819 1739 complici,
834 1635 898 1710 sed
911 1634 1202 1738 haudprotritae
1218 1634 1462 1709 auctoritatis.
1490 1636 1565 1705 lm·

158 1786 225 1835 mo
249 1760 397 1835 Cortins
421 1786 511 1834 eum
538 1759 665 1863 priore
689 1757 795 1833 haud
825 1760 1051 1835 deteriorem
1072 1759 1186 1848 dicit,
1211 1786 1328 1862 quam
1350 1786 1431 1833 rem
1454 1758 1565 1833 aliter

138 1911 237 1961 sese
249 1882 390 1959 habere
411 1883 598 1973 lectiones,
621 1910 715 1985 quas
735 1884 813 1988 ipse
833 1884 979 1972 attulit,
1006 1884 1094 1958 satis
1111 1910 1300 1987 superque
1314 1884 1461 1958 docent.
1493 1884 1566 1957 Ile-

159 2030 299 2084 memes
323 2007 418 2083 dicit
446 2009 567 2083 varias
592 2008 786 2097 lectiones,
826 2002 919 2111 quas
939 2000 1091 2083 Gudius
1112 2036 1157 2083 ex
1178 2009 1327 2084 duobus
1356 2008 1472 2084 Codd.
1497 2010 1567 2082 lle-

160 2135 355 2209 mensibus
377 2132 592 2209 Salustiano
616 2133 820 2235 exemplari
841 2133 1096 2236 adscripscrat
1146 2119 1255 2207 Prior
1272 2133 1434 2237 scriptus
1461 2159 1565 2206 anno

159 2257 399 2333 MCllelIl.
420 2256 555 2331 litteris
570 2257 792 2359 aequalibus,
814 2284 894 2332 non
914 2257 1139 2348 invenustis,
1156 2274 1238 2332 erat
1257 2258 1379 2332 forma
1393 2257 1565 2360 oblongi—

159 2410 245 2475 ore,
260 2400 305 2457 ut
324 2398 502 2485 quartam
521 2381 638 2484 paulo
657 2383 859 2458 excederet
885 2382 990 2458 Alter
1006 2409 1126 2456 manu
1139 2382 1356 2485 antiquiore
1371 2382 1488 2456 immo
1505 2409 1566 2457 ac*

159 2508 353 2585 curatiore
376 2523 550 2581 exaratus
576 2506 615 2605 in
637 2508 858 2581 membrana
877 2506 1009 2582 iormae
1024 2522 1189 2609 quartae,
1206 2523 1355 2583 aetatem
1372 2533 1565 2581 annorum

159 2632 327 2736 amplius
346 2631 674 2735 septingentorum
688 2658 767 2735 prae
784 2657 822 2706 sc
837 2630 947 2722 tulit3
961 2629 1224 2724 harcGudius3
1236 2631 1299 2705 sed
1319 2658 1458 2735 parum
1477 2632 1566 2706 dili-

158 2773 294 2861 genter
315 2753 522 2830 examinati
545 2752 657 2829 fuisse
678 2754 865 2830 videntur.
894 2754 1192 2856 Gueffltrbitantts
1204 2755 1235 2829 I.
1253 2755 1294 2828 in
1312 2756 1493 2830 Gudiana
1508 2756 1565 2829 bi—

159 2878 374 2969 bliotheca,
399 2877 468 2952 ubi
495 2876 587 2951 olim
611 2895 816 2953 asservatus
839 2893 911 2967 est,
944 2880 1057 2955 Num.
1086 2904 1165 2977 ²79·
1193 2879 1235 2953 in
1262 2880 1484 2954 membrana
1511 2897 1566 2955 est

148 3003 379 3079 luculenter
398 3001 559 3102 scriptus
578 3018 616 3077 et
633 3002 758 3106 glossis
774 3002 942 3103 antiquis
955 3002 1003 3077 ad
1020 3004 1230 3106 marginem
1243 3005 1380 3108 passim
1399 3021 1563 3078 amatus.

123 3189 130 3201 .
159 3130 305 3203 Fuerat
327 3127 420 3201 olim
441 3122 667 3200 Bernhardii
685 3124 958 3217 llottendorfii3
981 3153 1059 3228 quo
1078 3127 1219 3200 saecttlo
1231 3127 1394 3230 scriptus
1413 3127 1479 3217 sit,
1504 3127 1564 3200 in·

163 3268 321 3327 certum.
346 3249 470 3351 Guelf.
489 3251 542 3323 II.
569 3246 654 3345 (N.⁰
677 3252 746 3324 68:
765 3250 865 3324 inter
881 3251 967 3324 Mas
978 3249 1128 3348 Guelf.)
1154 3250 1322 3325 eiusdem
1342 3253 1461 3324 aetatis
1490 3275 1565 3325 esse

158 3377 323 3452 videtur.
352 3376 478 3447 Habet
495 3372 733 3451 membranas
752 3372 1007 3476 octuplicibus
1028 3376 1216 3463 minores,
1234 3391 1272 3450 et
1290 3392 1466 3449 acciu-ato
1481 3376 1566 3477 qui-

158 3500 251 3575 dem
269 3499 448 3601 scriptus,
473 3496 538 3573 sed
559 3496 677 3599 magis
698 3522 720 3569 a
743 3513 953 3571 cotacctore
973 3488 1176 3601 corruptus
1193 3514 1254 3572 est.
1296 3499 1411 3573 Haud
1434 3500 1563 3572 iunior

162 3622 290 3723 Guelf
304 3623 382 3695 III.
407 3621 537 3717 (Num.
557 3618 625 3693 50:
650 3619 701 3717 4.)
723 3620 1016 3697 inmembranis
1037 3621 1292 3725 octuplicibus
1312 3624 1361 3696 ab
1379 3623 1564 3725 antiquis·
1602 3643 1607 3651 ’
1641 3687 1646 3692 .

158 3748 259 3821 simo
276 3742 481 3847 exemplari
499 3741 716 3845 descriptae
752 3744 892 3848 Magno
915 3736 1048 3820 Cortio
1064 3746 1151 3821 usui
1173 3745 1264 3837 suit,
1283 3746 1388 3821 bello
1400 3747 1564 3821 maxime

160 3867 403 3975 Iugurthino.
450 3864 673 3941 Genuinam
698 3865 823 3971 Crispi
847 3868 1072 3945 brevitatem
1096 3870 1235 3973 passim
1258 3872 1456 3973 eqsressit,
1480 3898 1565 3977 pas-

159 3994 234 4068 sim
255 3992 412 4096 glossas,
432 3987 497 4065 sed
525 3987 711 4078 eruditas,
739 3984 888 4096 recepit
930 3994 1008 4066 Ubi
1029 3994 1136 4096 prior
1158 3993 1336 4069 librarius
1365 3996 1563 4086 omiserat,

161 4142 250 4219 quae
272 4117 422 4218 integro
434 4138 546 4189 sensu
566 4112 695 4188 abesse
709 4140 789 4189 non·
810 4106 1009 4218 poterant,¹
1029 4118 1104 4191 alia
1134 4143 1271 4193 manus
1299 4138 1418 4195 sacua
1442 4120 1563 4222 spatia

161 4239 335 4344 explevit.
387 4234 733 4337 Gnedfistjforma.
748 4237 934 4341 quadrata
952 4258 970 4330 ,'
1002 4231 1205 4333 lectiones,
1240 4271 1262 4317 a
1286 4232 1418 4349 priore·
1444 4270 1564 4319 mann
