3850 4867
1461 320 1537 416 2⁶9

136 490 281 593 quode
300 492 432 573 futuro
450 500 653 602 quisquam
668 501 756 577 satis
774 498 934 575 callidus
950 500 1114 603 satisque
1133 500 1300 602 prudens
1319 498 1376 573 sit.
1426 498 1535 593 Quin

133 615 251 692 etiam
275 644 373 723 saepe
401 648 519 724 prava
545 624 662 727 magis
681 650 797 721 quam
816 624 918 698 bona
945 624 1102 699 consilia
1126 648 1301 727 prospere
1321 622 1534 697 eveniunt:
1579 637 1586 645 ’

131 740 224 839 quia
247 742 451 846 plerasque
471 772 528 821 res
552 744 705 821 fortuna
727 774 773 821 ex
793 746 969 821 lubidine
982 773 1050 821 sua
1069 746 1194 849 agitat.
1242 744 1315 821 Sed
1333 742 1430 818 mihi
1451 760 1532 819 stu·

130 860 242 940 dium
265 866 344 941 fuit
361 868 645 946 adulescentulo
671 871 948 973 rempublicam
970 869 1185 971 capessere:
1210 884 1326 972 atque
1347 868 1389 943 in
1410 894 1455 943 ea
1473 895 1550 964 co-⁴

128 989 348 1088 gnosoenda
366 992 530 1067 multam
553 1018 806 1097 magnamque
825 1020 956 1067 curam
972 990 1118 1065 habui:
1143 1018 1223 1066 non
1242 991 1314 1080 ita,
1343 992 1402 1066 uti
1417 994 1536 1096 magi·

127 1124 296 1187 stratum
309 1114 424 1188 modo
441 1142 613 1217 caperem
629 1172 639 1204 ,
652 1142 767 1217 quem
781 1116 894 1189 multi
913 1115 1022 1189 malis
1036 1114 1181 1189 artibus
1191 1113 1318 1216 adepti
1333 1132 1457 1189 erant:
1469 1116 1534 1191 sed

126 1233 264 1326 etiam,
287 1236 346 1311 uti
370 1238 646 1340 rempublicam
669 1238 972 1328 domi,militiae,
987 1254 1253 1340 quantumque
1273 1238 1409 1328 armis,
1425 1238 1528 1329 viris,

126 1358 330 1459 opulentia
358 1376 506 1463 posset,
531 1363 722 1463 cognitam
751 1360 962 1435 habuerim.
1014 1365 1148 1463 ltaque
1171 1358 1268 1433 mihi
1290 1361 1412 1435 multa
1442 1388 1531 1436 cum
1567 1387 1570 1391 ·

126 1482 259 1558 animo
286 1484 446 1589 agitanti
471 1485 674 1559 consilium
700 1484 792 1575 suit,
818 1484 958 1559 samam
985 1483 1281 1583 modestiamque
1300 1510 1423 1557 meam
1447 1502 1533 1588 post
1588 1534 1591 1539 -

126 1620 235 1681 tuam
254 1607 481 1713 dignitatem
495 1606 659 1699 habere,
681 1624 721 1681 et
737 1609 845 1684 cuius
862 1608 914 1681 rei
931 1608 1037 1681 lubet
1056 1604 1271 1708 periculum
1286 1605 1426 1696 facere,
1436 1607 1532 1683 dum

126 1730 223 1830 quid
246 1732 321 1807 tibi
342 1758 388 1807 ex
409 1758 454 1807 eo
475 1732 604 1837 gloriae
625 1731 813 1807 acciderit.
859 1731 981 1832 quue
999 1757 1079 1803 non
1101 1744 1240 1803 temere
1262 1746 1391 1804 autex
1409 1730 1533 1805 fortua

127 1880 174 1927 na
198 1872 269 1934 tua
290 1854 461 1944 decrevi3
484 1855 548 1929 sed
571 1855 662 1957 quia
678 1853 720 1927 in
742 1870 795 1943 te,
820 1870 958 1955 praeter
975 1868 1131 1939 ceteras,
1157 1866 1278 1925 artem
1294 1881 1414 1927 unam
1432 1882 1533 1959 egre·
1561 1894 1575 1906 ·

127 1979 183 2079 gie
201 1980 424 2054 mirabilem
437 1978 621 2081 comperi,
646 2002 793 2079 semper
812 1977 883 2049 tibi
897 1976 1080 2049 maiorem
1097 1973 1139 2047 in
1161 1973 1326 2049 advorsis
1344 2002 1463 2077 quam
1487 1978 1530 2053 in

126 2102 304 2177 secundis
335 2102 448 2175 rebus
483 2102 658 2175 animum
682 2126 766 2175 esse.
816 2098 887 2173 Sed
915 2126 983 2200 per
1015 2114 1154 2172 ceteros
1188 2097 1357 2171 mortalis
1384 2098 1450 2172 illa
1472 2124 1530 2175 res

126 2224 270 2301 clarior
285 2242 357 2317 est,
386 2224 491 2329 quod
512 2226 620 2328 prius
640 2223 770 2298 defessi
791 2222 870 2297 sint
889 2219 1063 2296 homines
1099 2218 1294 2295 laudando
1320 2238 1435 2322 atque
1461 2223 1528 2297 ad-

125 2349 305 2425 mirando
320 2348 626 2423 munificentiam
639 2364 763 2436 tuam,
788 2373 906 2448 quam
928 2362 971 2419 tu
991 2343 1178 2432 faciendo,
1202 2368 1288 2443 ‹puae
1308 2343 1427 2445 gloria
1445 2345 1527 2449 dig·

126 2498 174 2545 na
200 2488 334 2549 essent.
385 2471 575 2574 Equidem
596 2468 692 2543 mihi
717 2470 911 2545 decretum
929 2483 1007 2557 est,
1029 2463 1130 2539 nihil
1152 2481 1229 2539 tam
1250 2493 1296 2539 ex
1317 2466 1395 2540 alto
1419 2494 1553 2571 repe-2

126 2593 193 2668 riri
225 2622 351 2701 posse,
376 2594 482 2699 quod
502 2621 583 2669 non
604 2591 786 2697 cogitanti
807 2590 877 2664 tibi
904 2591 945 2663 in
971 2604 1156 2692 promptu
1172 2588 1228 2662 sit
1277 2590 1407 2689 Neque
1436 2617 1526 2695 ego,

127 2742 211 2817 quae
224 2718 303 2795 visa
325 2734 440 2809 runt,
461 2716 509 2794 de
522 2714 720 2824 republica
742 2714 813 2788 tibi
832 2712 983 2815 scripsi,
1010 2711 1101 2813 quia
1127 2709 1224 2785 mihi
1246 2713 1449 2786 consilium
1468 2730 1526 2787 ate

128 2862 201 2939 que
217 2837 418 2944 ingenium
434 2861 564 2919 meum
585 2837 750 2939 amplius
770 2860 881 2937 aequo
898 2834 1125 2937 probaretur
1145 2866 1154 2907 ε
1178 2832 1244 2908 sed
1265 2835 1366 2909 inter
1381 2835 1527 2912 labores

126 2962 284 3052 militiae,
301 2962 478 3061 interque
490 2956 621 3063 praelia
633 3012 645 3047 ,
658 2958 849 3048 victorias,
868 2958 1071 3060 imperium
1081 2956 1222 3045 ,statui
1238 2955 1527 3035 admonendum

130 3096 164 3157 te
184 3084 233 3161 de
249 3082 410 3188 negotiis
431 3081 600 3157 urbanis.
649 3082 822 3181 Namque
844 3080 914 3152 tibi
943 3080 975 3153 si
1005 3078 1045 3153 id
1067 3077 1182 3153 modo
1209 3078 1249 3154 iu
1269 3096 1420 3182 pectore
1435 3108 1526 3167 con»
1649 3132 1652 3135 -

126 3204 198 3281 silii
219 3226 297 3298 est,
324 3206 384 3281 uti
402 3222 439 3281 te
469 3205 518 3279 ab
556 3202 803 3278 inimicorum
837 3201 983 3303 impetu
1017 3200 1214 3290 uindices,
1233 3212 1387 3304 qtroque
1411 3204 1556 3285 modo„

128 3348 258 3407 conam
283 3331 487 3406 advorsum
498 3327 701 3403 Consulem
721 3322 904 3400 beneficia
922 3321 1256 3425 populiretineas:
1282 3326 1526 3431 indigna-vir·

129 3464 207 3529 tute
226 3473 293 3531 tua
313 3453 458 3558 cogites.
509 3450 637 3525 Sinin
658 3466 693 3523 tc
712 3448 777 3523 ille
801 3447 951 3521 animus
983 3460 1055 3533 est,
1079 3446 1154 3547 qui
1179 3446 1257 3521 iam
1285 3475 1307 3522 a
1333 3449 1526 3553 principio

130 3578 337 3655 nobilitatis
355 3575 559 3651 factionem
580 3570 822 3660 disturbavit,
847 3570 1003 3673 plebem.
1024 3570 1237 3645 Romanam
1260 3598 1306 3645 ex
1322 3573 1425 3675 gravi
1451 3573 1525 3649 ser?

129 3698 241 3777 vitute
257 3700 301 3776 in
321 3697 538 3773 libertatem
562 3694 746 3782 restituit,
770 3693 813 3768 in
828 3709 995 3794 praetura
1019 3690 1269 3770 inimicorum
1284 3722 1388 3769 arma
1424 3696 1524 3773 iner-

132 3822 196 3899 mis
217 3822 388 3917 disiecit;
410 3819 517 3895 domi
531 3816 752 3919 militiaeque
778 3830 884 3889 tanta
905 3830 945 3888 et
969 3829 1048 3888 tam
1072 3814 1254 3919 praeclara
1278 3816 1448 3895 facinora
1472 3819 1524 3897 fe·

702 4020 898 4081 Eetsrcar
935 4017 992 4079 ll..

208 4134 281 4215 Gap·
298 4146 324 4193 r.
344 4130 428 4192 domi
443 4129 555 4191 militia
574 4130 613 4189 ita
626 4124 714 4187 l’rbr.
730 4136 759 4187 et
770 4124 844 4184 Eric.
865 4142 919 4201 qus
931 4124 1050 4182 omino.
1077 4121 1227 4200 cognitam
1248 4123 1400 4185 imbuerint
1421 4146 1530 4189 ornum·

136 4232 205 4299 libri.
225 4239 364 4300 habmus
377 4238 475 4316 tulga.
494 4232 609 4313 glorias
625 4230 775 4293 wesdetul
789 4230 889 4309 vulgo·
910 4225 1054 4290 amictoria
1073 4226 1158 4293 Fnbr.
1179 4247 1269 4309 nequa
1282 4232 1459 4306 &fartum
1478 4232 1527 4293 id..
