3850 4867
1461 292 1535 375 233

107 476 260 569 praeter'
278 496 393 577 spem
416 473 561 575 bonam
587 500 633 549 ex
655 473 779 564 vobis,
805 500 890 579 qnae
912 490 1059 551 metum
1085 472 1198 564 vicit,
1222 470 1338 549 statui
1358 468 1539 581 cerunt-3

107 590 168 665 nis
188 594 363 690 advorsa
386 624 456 702 pro
478 598 653 673 libertate
673 598 822 701 potiora
844 625 918 675 esse
933 582 1258 700 fortivuo‘quarn
1271 597 1429 674 omnino
1450 603 1532 676 nou

108 720 335 795 certavisse.
362 722 610 825 Quamquam
630 746 760 797 omnes
778 722 845 796 alii
864 722 981 797 creati
996 748 1068 826 pro
1084 722 1309 816 inrevestro
1323 722 1402 797 vim
1415 746 1538 797 cuno-

105 856 185 917 tam
208 861 253 919 et
282 847 449 951 imperia
470 874 538 922 sua
557 846 691 953 gratia,
718 862 786 921 aut
807 872 893 951 spe,
913 864 986 921 aut
1004 847 1172 951 praemiis
1190 847 1232 921 in
1253 874 1318 923 vos
1336 862 1537 923 consorte«

104 992 144 1041 re
162 970 396 1076 meliusque
413 972 570 1059 babent,
594 970 767 1047 mercede
792 972 1017 1075 delinquere
1040 998 1160 1073 quam
1183 970 1298 1079 gratis
1315 988 1415 1046 recte
1434 969 1537 1046 face

104 1118 153 1167 re
195 1098 351 1199 Itaque
371 1124 503 1173 omnes
519 1122 731 1171 concessere
743 1097 820 1172 iam
833 1097 875 1171 in
893 1122 1109 1200 paucorum
1127 1096 1447 1184 dominationem,
1462 1095 1533 1198 qui

105 1242 176 1319 per
212 1222 397 1297 militare
423 1247 584 1311 nomen,
609 1220 807 1311 cerarium,
842 1220 1048 1319 exercitus,
1073 1246 1206 1325 regna,
1230 1221 1445 1324 provincias
1470 1246 1535 1295 ου·-

105 1367 328 1446 capacem,
354 1362 392 1420 et
410 1373 536 1421 arcem
560 1345 707 1420 habent
726 1372 772 1421 ex
791 1345 921 1449 spoliis
945 1346 1096 1421 vestris:
1122 1372 1247 1449 quum
1271 1345 1426 1421 interim
1449 1370 1540 1441 moa·

105 1492 146 1541 re
179 1496 381 1571 pecorum
411 1496 475 1547 vos
505 1469 714 1545 multitudo
732 1469 892 1575 singulis
922 1467 1121 1545 habendos
1152 1469 1411 1572 fruendosque
1434 1494 1532 1574 pra>-

105 1590 226 1684 betis,
254 1594 385 1670 exsuti
416 1596 613 1686 omnibus,
639 1621 725 1697 quae
755 1594 914 1669 maiores
940 1595 1158 1698 reliquere:
1193 1594 1268 1669 nisi
1293 1592 1384 1696 quia
1409 1594 1538 1669 vobis·

106 1730 187 1790 met
216 1718 300 1822 ipsi
331 1746 400 1822 per
422 1718 620 1823 suffragia,
647 1719 705 1793 uti
738 1719 912 1823 praesides
943 1718 1056 1810 olim,
1081 1745 1193 1795 nunc
1217 1718 1394 1803 dominos
1419 1718 1543 1795 desti-ff

108 1842 219 1916 natis.
276 1838 417 1945 Itaque
449 1868 662 1918 concessere
686 1842 766 1917 illic
791 1868 948 1918 omnes:
974 1859 1013 1918 et
1038 1870 1146 1934 mox,
1168 1843 1200 1917 si
1226 1859 1347 1917 restra
1380 1869 1531 1948 recepe-
1645 1868 1655 1888 ¹

109 1964 221 2059 ritis,
248 1966 306 2043 ad
328 1992 393 2043 vos
422 1968 607 2042 redibunt
627 1962 810 2071 plerique.
859 1966 968 2040 Raris
997 1966 1102 2041 enim
1132 1964 1282 2040 animus
1308 1966 1436 2046 estad
1463 1992 1526 2067 ea,¹

110 2114 197 2188 quae
220 2090 407 2195 placent,
431 2090 679 2165 defendenda.
704 2154 709 2161 ,
732 2090 854 2164 Ceteri
882 2087 1114 2164 validiorum
1133 2100 1233 2165 sunt
1282 2089 1544 2166 Andubium

111 2206 297 2307 habetis,
331 2240 396 2289 ne·
413 2212 574 2289 obiicere
603 2213 699 2316 quid
719 2212 824 2288 vobis
857 2240 937 2287 uno
963 2214 1094 2287 animo
1115 2212 1359 2317 pergentibus
1389 2214 1525 2316 possit,

114 2361 207 2436 quos
249 2337 457 2441 languidos
490 2336 749 2440 socordesque.
772 2337 1043 2441 pertimuere?
1087 2337 1161 2411 nisi
1192 2335 1291 2411 forte
1321 2340 1361 2418 u
1385 2339 1527 2431 Cotta,

115 2483 158 2534 ex
180 2461 356 2538 factione
380 2460 505 2537 media
537 2460 701 2551 Consul,
730 2460 842 2535 aliter
864 2487 983 2562 quam
1004 2477 1111 2535 metu
1137 2458 1222 2534 iura
1252 2460 1430 2562 quaedam
1457 2462 1525 2554 tri..

115 2580 231 2661 bunis
255 2586 385 2691 plebei
414 2584 603 2676 roetituit3
627 2601 665 2662 et
692 2611 929 2687 quamquam
953 2586 994 2657 L
1023 2582 1187 2659 Sicinius
1211 2584 1359 2686 primus
1382 2585 1430 2661 dc
1456 2613 1527 2692 po·

119 2721 249 2787 testate
270 2708 479 2811 tribunicia
493 2776 498 2781 .
511 2708 620 2811 loqui
658 2710 795 2799 ausus,
821 2708 1080 2784 mussantibus
1103 2708 1209 2786 vobis
1245 2708 1527 2789 circumventus

118 2851 197 2907 erat
229 2870 238 2910 ι
275 2852 405 2910 tamen
433 2832 541 2937 prius
568 2831 626 2907 illi
656 2832 842 2909 invidiam
884 2848 1089 2923 metuere,
1123 2859 1241 2935 quam
1277 2860 1343 2933 vos
1373 2835 1527 2913 iniuria

120 2976 322 3058 pertesum
346 2973 419 3033 est.
470 2955 587 3054 Quod
617 2983 685 3061 ego
713 2982 863 3059 nequeo
881 2956 983 3031 'satis
1010 2956 1173 3046 mirari,
1198 2958 1376 3055 Quirites
1426 2961 1526 3037 Nam

121 3106 224 3185 spem
245 3086 388 3162 frustra
406 3082 518 3157 fiiiue
536 3080 780 3175 intellexistis.
831 3081 936 3156 Sulla
961 3097 1133 3172 mortuo,
1159 3082 1228 3185 qui
1245 3084 1443 3158 scelestum
1454 3083 1526 3161 im-.

122 3226 298 3309 posuerat
326 3208 541 3298 servitium,
563 3206 688 3281 finem·
708 3206 802 3281 mali
830 3205 1046 3283 credebatis.
1099 3207 1217 3281 Ortus
1238 3222 1293 3282 est
1318 3206 1443 3312 longe
1457 3233 1525 3284 sae·

123 3332 200 3407 sior
227 3334 397 3413 Catulus.
446 3330 651 3405 Tumultus
676 3330 886 3406 intercessit
913 3334 1033 3407 Bruto
1071 3348 1110 3405 et
1142 3329 1304 3406 Aemilio
1330 3333 1524 3411 Mamerco

126 3457 369 3553 Consulibus3
395 3455 485 3533 dein
505 3456 542 3531 G
565 3455 681 3530 Curio
702 3455 754 3531 ad
774 3454 936 3531 exitium
960 3482 1082 3558 usque
1101 3455 1260 3531 insontis
1285 3456 1523 3558 tribunidoae

205 3708 252 3748 aa.
274 3683 317 3745 Si.
334 3682 372 3761 Q.
383 3703 414 3762 p.
431 3699 478 3740 er.
500 3677 561 3740 bac
581 3678 682 3739 laudat
701 3678 780 3740 Don.
801 3678 839 3737 ad
860 3677 981 3741 Phorms
997 3700 1031 3753 ι,
1055 3699 1090 3749 t,
1119 3700 1165 3745 ιι.
1193 3680 1347 3758 amuis.
1368 3682 1409 3743 ita
1427 3681 1521 3749 Vatis.

128 3784 193 3850 bric.
208 3794 289 3854 Febr.
301 3790 407 3869 filista!
420 3789 520 3871 vulgo.
542 3786 593 3844 alii
605 3784 673 3844 libri
687 3785 882 3865 vosmetipsi,
900 3786 951 3844 alii
963 3784 1102 3845 vebum
1115 3784 1198 3865 ἱρείη
1216 3787 1355 3848 vobismet
1368 3787 1424 3868 ipsi
1440 3786 1523 3851 baud

128 3894 208 3959 dubis
226 3896 395 3981 legendum.
418 3892 554 3955 redibunt
568 3890 707 3973 plerique.
738 3890 875 3951 redibunt
894 3911 955 3950 om.
979 3891 1054 3952 liber
1065 3892 1174 3952 Ursini.
1194 3911 1267 3952 tuan
1286 3901 1398 3974 ffoerc
1417 3903 1524 3958 veteres

129 4000 188 4063 libri
195 4048 205 4081 ‚
215 4024 292 4089 quos
301 4002 423 4071 Ursinus
434 3998 546 4069 laudat;
567 3999 636 4057 ium
648 3995 763 4057 Balliol.
777 3996 889 4058 Wassii.
910 4015 948 4055 nc
960 4000 1061 4081 vulgo.
1081 4018 1171 4077 quom
1180 4008 1368 4080 -pertacsum
1378 3999 1414 4059 G.
1424 3999 1523 4062 Fron-

130 4116 158 4167 to
173 4130 195 4171 c.
212 4120 249 4179 v:
259 4119 433 4195 partuum.
453 4101 578 4167 Aemilio
592 4102 755 4171 Marnas-co.
774 4099 901 4166 Aemilio
920 4122 983 4167 om.
1002 4105 1094 4170 vatic.
1115 4103 1262 4167 ἰηωωωη
1280 4107 1445 4187 αςώωιΐιιτ
1460 4105 1523 4175 Vsa

1095 4237 1143 4320 50
