3850 4867
156 1184 176 1233 ‘l

268 1319 373 1417 Quos
394 1317 510 1393 libros
533 1319 570 1393 C.
590 1318 746 1421 Crispus
763 1314 945 1391 Salustius
971 1314 1016 1389 de
1044 1312 1156 1389 rebus
1171 1313 1349 1387 Romanis
1373 1311 1561 1416 conscrip-

158 1441 225 1528 sit,
252 1442 441 1517 illustrare
465 1442 616 1517 animus
642 1459 703 1515 ost.
745 1442 855 1515 Hanc
875 1466 957 1513 rem
986 1455 1031 1511 ut
1059 1439 1306 1540 susciperem,
1341 1434 1486 1511 factum
1507 1453 1562 1510 est

157 1580 198 1637 et
216 1565 331 1669 ipsius
347 1567 539 1669 scriptoris
554 1565 775 1669 gravimmte
794 1581 832 1638 et
852 1563 1058 1665 elegantia,
1088 1588 1205 1669 quem
1222 1588 1351 1635 rerum
1368 1562 1556 1633 Romana-

155 1715 246 1761 rum
273 1688 581 1763 florentissimum
607 1704 801 1761 auctorem
829 1687 910 1789 ipse
933 1685 1086 1758 Tacitus
1107 1685 1222 1774 dixit,
1256 1700 1294 1759 et
1328 1682 1559 1771 multorum,

154 1811 225 1911 qui
248 1810 377 1887 adhuc
394 1812 515 1914 Crispi
535 1812 642 1884 libris
661 1808 911 1885 emendandis
932 1823 1048 1910 atque
1068 1805 1302 1881 illustrandis
1318 1832 1471 1908 operam
1494 1804 1559 1881 de-

154 1933 318 2025 derunt,
339 1934 399 2009 vel
421 1934 587 2023 incuria,
604 1932 663 2007 vel
678 1958 794 2035 prava
812 1929 1020 2033 diligentia.
1048 1930 1283 2032 Quicunque
1298 1928 1402 2002 enim
1418 1928 1560 2001 Graecis

156 2072 273 2157 atque
285 2056 428 2131 Latinis
446 2058 563 2131 literis
584 2055 803 2159 dili-gentius
822 2052 994 2142 student,
1019 2079 1080 2127 eos
1101 2079 1181 2127 non
1204 2052 1330 2126 solnm
1349 2077 1559 2155 puerorum

154 2178 416 2283 iuvenumque
430 2181 576 2255 animos
597 2178 656 2253 his
673 2177 806 2253 studiis
824 2176 998 2265 formare,
1023 2174 1088 2250 sed
1113 2175 1281 2248 multum
1304 2174 1419 2247 etiam
1439 2172 1558 2248 studii

154 2326 354 2403 operteque
386 2302 427 2377 in
457 2330 502 2376 eo
528 2328 668 2405 ponere
706 2315 875 2404 oportet,
910 2318 955 2373 ut
978 2296 1352 2400 pueclarissimorum
1386 2295 1558 2400 ingenio-

153 2451 244 2497 rum
269 2425 527 2499 monumentis
559 2424 741 2524 antiquus
774 2420 878 2494 nitor
911 2421 1141 2495 restituatur.
1190 2422 1273 2493 Hoc
1298 2417 1414 2521 magis
1440 2420 1557 2494 etiam

131 2547 422 2646 necessarium,
442 2546 546 2651 quod
563 2547 776 2620 etiamnum
793 2543 1004 2617 multorum
1023 2558 1224 2617 auctorum
1244 2542 1347 2633 libri,
1372 2544 1556 2646 interpre-

155 2686 241 2743 tum
274 2667 902 2757 emendationibus,coniecturis,
929 2667 1088 2768 aliisque
1120 2666 1345 2770 corruptelis
1375 2682 1466 2740 sunt
1490 2666 1555 2742 de·

154 2794 312 2897 prareti.
362 2793 407 2868 Id
432 2792 538 2895 quod
558 2820 648 2867 cum
667 2790 770 2879 aliis,
790 2807 874 2864 tum
896 2790 1059 2865 Salustio
1077 2791 1225 2866 accidit
1257 2791 1393 2865 Libere
1414 2790 1554 2894 proles-

62 2918 66 2925 ’
120 2978 126 2989 .
152 2942 215 2991 sus
235 2940 336 3005 sum,
351 2916 456 3017 quod
470 2915 614 3011 sentio,
638 2940 764 3016 neque
783 2940 844 2989 me
863 2914 1050 3017 praeteri't,
1065 2931 1227 3016 quantas
1240 2915 1394 2989 inuidiae
1415 2932 1554 3019 tempe-

150 3054 263 3113 states
285 3036 382 3113 mibi
397 3038 469 3113 sim
480 3038 725 3127 excitaturus,
745 3036 850 3139 quod
869 3037 1058 3127 virorum,
1078 3037 1127 3113 de
1145 3038 1262 3113 literis
1275 3040 1425 3141 optime*
1440 3040 1553 3115 meri·

151 3178 297 3251 torum,
314 3161 422 3237 laudi
444 3160 654 3237 obtrectare
675 3160 811 3236 ridear.
853 3160 1056 3258 Quantum
1080 3188 1167 3236 vero
1189 3162 1380 3265 prioribus
1398 3162 1559 3236 Salustii.

151 3285 362 3360 editoribus
386 3284 636 3359 tribuendum
652 3285 718 3373 sit,
746 3309 880 3359 eorum
899 3283 1025 3359 solum
1047 3299 1103 3359 est
1125 3283 1329 3375 iudicium,
1358 3284 1426 3387 qui
1447 3283 1550 3361 hanc

151 3434 234 3485 rem
244 3407 457 3483 accuratius
467 3408 745 3483 examinarunt.
768 3408 865 3482 Nam
880 3409 953 3509 qui
960 3407 1213 3509 antiquissimi
1230 3408 1415 3510 cuiusque
1426 3407 1555 3483 critici.
1602 3442 1608 3451 ·

152 3531 377 3608 memoriam
399 3546 505 3605 tanta
523 3530 672 3633 pietate·
690 3546 806 3633 atque
830 3529 1012 3634 refigione
1031 3548 1326 3635 prosequuntur,
1352 3548 1397 3606 ut
1419 3556 1549 3608 omnes

151 3682 286 3731 eorum
309 3654 616 3739 commentarios,
645 3668 830 3755 tanquam
858 3678 1015 3729 summae
1034 3654 1229 3759 sapientiae
1249 3654 1393 3745 sontes,
1417 3655 1549 3731 rendi·

153 3796 254 3869 tent,
278 3806 411 3853 eorum
432 3778 532 3855 levis,
542 3792 597 3852 est
616 3775 836 3851 auctoritas..
874 3776 1053 3875 Quorum
1079 3778 1367 3854 obtrectationes
1400 3774 1443 3854 ni
1463 3778 1547 3855 viu·

151 3918 215 3977 cat
238 3928 369 4005 opera,
405 3927 525 4003 quam
551 3897 714 3973 Salustio
741 3899 899 3990 navari,
927 3902 1083 3976 nullum
1114 3902 1402 4007 vituperationis
1428 3929 1556 4008 genus

151 4050 290 4099 recuso.
314 4024 369 4098 Ne
383 4024 501 4128 igitur
522 4022 562 4096 in
578 4022 702 4126 pravis
722 4021 891 4096 aliorum·
907 4023 1379 4128 opinionibus-refutandis
1397 4042 1554 4131 tempus.

148 4164 363 4251 conteram,
387 4147 484 4249 quid
503 4145 738 4251 potissimum
762 4144 808 4219 in
831 4143 906 4221 hoe
936 4173 1048 4251 opere
1075 4165 1225 4224 secutus
1253 4149 1350 4239 sim,
1369 4166 1407 4224 et
1426 4176 1551 4252 quam·

150 4270 338 4373 propositi
361 4270 526 4345 lormam·
553 4267 824 4371 descripserim,
855 4271 1067 4344 accuratius
1097 4297 1307 4374 persequar
1354 4270 1549 4346 Omnium
