3850 4867
1486 297 1560 379 205

118 467 410 571 predicabat,
420 475 536 552 simul
546 477 735 554 Romanos
755 474 1008 552 etNumidam
1022 501 1088 581 spe
1102 475 1204 580 pacis
1220 476 1444 568 adtinuisse,
1458 477 1560 552 mul-
1626 533 1630 548 .

115 608 312 698 tumque
324 623 419 676 cum
432 601 644 676 animosuo
656 600 804 676 volvere
814 600 988 692 solitum,
1004 601 1231 706 Iugurtham
1241 602 1420 678 Romanis
1431 629 1483 679 eu
1497 601 1557 678 illi

114 711 294 796 Sullam
310 723 499 800 traderet:
512 724 727 801 lubidinem
740 725 942 802 advorsum
954 751 1039 816 nos,
1053 741 1199 802 metum
1218 754 1288 832 pro
1301 726 1411 804 nobis
1422 727 1556 802 suasis·

115 867 168 919 se.
194 846 349 951 Igitur
357 849 481 924 Sullas
492 877 614 954 pauca
626 875 755 925 coram
764 853 905 954 Aspare
920 850 1143 926 locuturum
1157 877 1168 943 3
1180 868 1302 926 cetera
1314 851 1478 939 occulte,
1490 866 1558 926 aut
1571 887 1627 948 109

114 969 270 1063 nullo,
303 989 379 1048 aut
393 1002 514 1078 qiram
526 975 773 1080 paucissumis
792 975 1040 1079 praesentibus
1057 1007 1064 1049 :
1091 974 1207 1050 simul
1224 975 1373 1066 edocet,
1395 999 1482 1078 quae
1499 1001 1558 1050 re-

115 1086 449 1196 sponderentur.
485 1103 688 1203 Postquam
702 1099 815 1173 sicuti
828 1097 1018 1192 voluerat,
1043 1099 1249 1204 congressi,
1275 1099 1388 1173 dicit:
1413 1125 1451 1174 se
1470 1100 1557 1176 mis-

114 1243 217 1293 sum
245 1247 274 1295 a
302 1223 470 1297 Consule
491 1224 633 1298 venisse
651 1223 853 1325 quaesitum
871 1223 1001 1311 abeo,
1025 1249 1174 1327 pacem,
1196 1251 1251 1298 uu¹
1267 1223 1413 1297 bellum
1438 1223 1556 1327 agita·

118 1358 246 1418 turus
261 1343 381 1420 foret.
403 1348 505 1421 Tum
517 1373 600 1435 rem
612 1346 670 1420 uti
682 1363 915 1450 praeoeptum
928 1346 1072 1437 luerat,
1081 1365 1166 1452 post
1179 1349 1281 1423 diem
1294 1347 1484 1422 decimum
1498 1371 1556 1421 re·

121 1465 216 1543 slire
234 1470 432 1563 iuben-ac
441 1469 542 1545 nihil
558 1470 674 1547 etiam
686 1496 794 1545 nunc
809 1469 1023 1560 decrevisse,
1034 1473 1099 1546 sed
1113 1472 1179 1545 illo
1194 1471 1256 1546 die
1271 1495 1558 1575 responsurum

124 1589 226 1668 «lein
249 1595 374 1670 ambo
394 1596 436 1669 in
461 1621 529 1671 sua
548 1611 668 1670 castra
687 1592 848 1697 digressi.
886 1593 959 1668 Sed
979 1594 1048 1668 ubi
1069 1595 1301 1698 plerumque
1315 1594 1440 1670 noctis
1459 1622 1556 1698 ,pro-

124 1717 266 1807 cessit,
296 1719 406 1794 Sulla
430 1744 452 1794 e
476 1717 624 1794 Boccho
645 1717 794 1793 occulte
814 1718 1047 1794 accersitur:
1069 1718 1118 1792 ab
1142 1735 1305 1822 ueroque
1320 1735 1557 1798 tantummo-

128 1837 182 1914 do
213 1839 296 1917 fidi
333 1842 555 1946 interpretes
583 1840 852 1918 adhibenturs
883 1859 1064 1946 praetereo
1097 1842 1229 1918 Dabar
1258 1843 1526 1920 internuncius
1546 1899 1574 1934 ,1

128 1981 301 2040 sanctus
315 1965 376 2041 vir
389 1981 428 2041 et
447 1989 494 2041 ex
511 1966 699 2041 sententia
727 1966 922 2041 ambobus.
955 1969 1010 2042 Ac
1032 1966 1160 2040 statim
1183 1967 1236 2040 sic
1262 1993 1327 2040 rex
1345 1966 1504 2071 incipit:

245 2146 268 2182 „
298 2091 521 2192 Numquam
552 2115 620 2194 ego
648 2105 753 2164 rosus
776 2089 982 2180 sumsere,
1007 2093 1065 2164 uti
1087 2115 1152 2164 rex
1182 2114 1382 2164 maxumus
1407 2089 1450 2165 in
1479 2089 1553 2166 hac
1568 2131 1641 2172 110·

135 2226 241 2289 term
275 2229 318 2290 et
348 2212 548 2302 omnium,
567 2237 663 2316 quos
691 2213 807 2306 nori,
829 2215 978 2318 privato
1007 2211 1158 2288 homini
1183 2213 1345 2318 gretiam
1369 2213 1570 2288 deberem..

133 2334 193 2408 Et·
216 2362 287 2412 me
307 2334 465 2412 hercule
486 2335 617 2425 Sulla,
643 2353 733 2412 ente
758 2353 794 2412 te
821 2338 1036 2442 cognitum,
1061 2335 1191 2410 multis
1227 2338 1444 2427 orantibus,
1469 2337 1553 2412 aliis
1586 2385 1589 2400 ι

136 2460 245 2564 nlsm
266 2477 415 2569 egomet
437 2487 550 2566 opem
569 2459 660 2549 tuli,
677 2459 823 2538 nullius
847 2462 1007 2565 indigus.
1043 2459 1087 2534 Id
1100 2460 1366 2554 imminutum,
1378 2460 1482 2564 quod
1494 2487 1569 2536 ce·-

138 2680 272 2748 Beue
294 2685 429 2747 consuta
448 2683 584 2747 omlies.
598 2682 629 2756 4.
644 2691 711 2764 posi
717 2680 930 2765 pertimesceret
949 2685 1037 2764 pauci
1050 2683 1203 2744 deteriores
1217 2681 1300 2741 illum
1317 2681 1553 2764 cerritumpuod

141 2807 175 2848 eo
186 2800 326 2853 evocatus
335 2801 420 2863 erat,
435 2811 521 2872 quem
533 2809 590 2850 esse
604 2789 731 2849 accitum
738 2829 750 2860 ,
778 2799 808 2847 et
825 2787 891 2846 talia
910 2785 1037 2850 addunt.
1046 2808 1086 2848 ss
1101 2805 1203 2847 cavere
1221 2785 1282 2845 Bas.
1300 2787 1329 2856 4.
1357 2807 1461 2850 cavere
1480 2791 1556 2852 vin.

143 2913 170 2952 2·-
188 2895 319 2958 Vram.
338 2897 363 2956 F
363 2917 443 2958 runc.
462 2897 558 2958 Strur.
578 2891 1095 2963 ilcad..Vrat.'s'.-Gusll.4.11.12.
1117 2891 1399 2952 melioresGruteri.
1421 2894 1510 2960 Mark.
1521 2905 1550 2962 r.

144 3009 177 3060 lu
197 2993 331 3063 Beru.3.'
350 3000 451 3063 caveri
462 3001 562 3064 ceteri.-
579 2999 749 3060 Romanum
767 2998 874 3058 Seme.
895 2995 996 3057 Heuss.
1017 2995 1102 3057 Bern.
1113 3017 1139 3057 1.

222 3127 299 3206 Cup.
311 3151 378 3213 109.
397 3126 483 3210 Sulla
496 3128 645 3209 respondi
664 3125 786 3189 verbum
808 3145 869 3192 om.
892 3124 989 3186 Gnell.
1006 3148 1032 3188 1.
1045 3125 1102 3189 Ac.
1113 3129 1224 3195 ¹llrunc.
1246 3129 1330 3189 Poris.
1342 3152 1370 3188 os
1391 3129 1487 3190 Plures
1495 3131 1558 3190 Isi*

144 3233 304 3305 vii-llnrl.
315 3250 346 3304 r.
365 3238 443 3297 inter
456 3231 777 3312 lineus-hebet..Scnat.
797 3232 963 3296 r..lleuss..
977 3231 1010 3290 in
1024 3234 1088 3292 aliis
1105 3238 1205 3295 locum
1220 3245 1323 3294 mutat.
1355 3253 1384 3293 se
1410 3234 1497 3298 locut.
1522 3255 1551 3296 se

147 3358 204 3400 0111·
218 3342 318 3404 Guell.
330 3363 377 3402 ro.
397 3339 583 3400 Frena-duo
594 3339 709 3400 Wassii.
731 3357 808 3396 ursus
824 3336 912 3401 Ririi.
943 3337 995 3416 qui
1018 3347 1046 3396 et
1067 3339 1178 3399 occulte
1194 3359 1260 3399 ortu·
1276 3350 1305 3398 ct
1316 3337 1430 3398 Sullam
1451 3336 1568 3398 scribit*

150 3441 267 3508 Paua.
288 3468 376 3530 supru
389 3447 498 3523 lineum
514 3454 556 3504 est
577 3441 719 3505 Paris.b..
733 3441 850 3502 occulto
870 3440 1023 3502 lubrice.
1053 3443 1271 3509 om;.Guell.r.
1284 3444 1407 3504 occulta
1430 3441 1509 3502 Vrat.
1522 3445 1550 3506 3.

151 3553 255 3614 occulte
271 3552 353 3616 nullo
374 3548 538 3611 Beru.1.3.
559 3545 660 3612 Turio.
683 3545 738 3606 sibi
754 3547 889 3626 respond.
910 3544 973 3606 sibi.
995 3565 1056 3610 orn.
1071 3545 1220 3609 Gruterus.
1244 3543 1340 3607 Guell.
1357 3569 1382 3613 1.
1403 3568 1479 3608 unus
1497 3546 1552 3606 lli·

149 3655 199 3720 rii.
212 3661 314 3740 plures
322 3655 404 3717 Leid.
423 3653 511 3718 simul
523 3651 671 3732 congressi
686 3659 754 3712 suut
781 3650 843 3710 Bas.
853 3650 884 3721 4.
896 3670 939 3710 -se
954 3650 1032 3711 miss.
1045 3671 1074 3711 se
1088 3673 1147 3711 om.
1162 3654 1260 3721 Guell.
1274 3675 1299 3713 1.
1309 3654 1338 3715 6.
1361 3653 1421 3713 duo
1438 3652 1551 3714 Wessii.

154 3763 297 3833 comitum
313 3761 350 3821 ub
366 3780 410 3820 eo.
421 3757 470 3819 ,ob
480 3778 520 3818 eo
534 3777 596 3818 orn.
617 3754 727 3816 lrond.
739 3773 835 3834 prce.
849 3755 968 3833 fueras.
979 3757 1087 3833 suerat
1108 3777 1168 3816 oru.
1188 3758 1285 3825 Guels.
1297 3760 1325 3830 l.
1344 3769 1409 3840 post
1421 3757 1482 3818 dies
1497 3759 1554 3818 de-

156 3880 212 3925 cem
229 3867 282 3927 lc.
302 3863 423 3925 Lucu.
444 3862 514 3923 dein
525 3859 732 3925 cmbo'luric.
745 3880 773 3919 u
788 3858 918 3920 Boccho.
939 3869 1034 3919 a'om.
1049 3861 1112 3920 Bas.
1123 3863 1152 3933 Δ.
1173 3864 1354 3926 sanctus-vir·
1373 3884 1410 3924 esc
1428 3874 1550 3924 sentent.

157 3966 226 4031 iurat
244 3972 285 4031 ita
300 3971 400 4051 vulgo.
411 3965 470 4028 eir
482 3986 548 4027 om.
562 3963 659 4030 Guelf.
672 3985 699 4023 1.
724 3963 804 4026 Vras.
819 3984 848 4024 2.
868 3965 965 4024 ineu.
977 3964 1065 4023 iurat
1075 3965 1106 4023 in
1122 3969 1221 4026 multis
1236 3969 1318 4029 libris
1332 3969 1431 4030 locum
1448 3981 1550 4030 mutat.

158 4086 246 4136 mule
259 4075 339 4140 iuret
357 4071 443 4131 llern.
458 4091 484 4131 ι.
504 4069 602 4130 Turic.
623 4068 730 4130 iuravit
749 4069 870 4128 Leid.n.
893 4069 986 4128 irilral
1009 4069 1093 4134 Pelas.
1113 4093 1139 4152 7.
1162 4073 1261 4132 inerat
1278 4073 1402 4134 uenus.
1426 4075 1549 4146 Palati.

161 4177 185 4237 ὃ.
202 4181 278 4240 iurat
297 4199 360 4238 om.
380 4176 477 4240 Guell.
492 4175 559 4256 6.9.
575 4196 622 4234 ιι.
641 4174 663 4232 F
664 4175 725 4233 abr.
746 4176 813 4235 Sen.
830 4196 855 4236 1.
878 4176 965 4237 Poris.
976 4197 1004 4236 e.
1026 4195 1109 4256 super
1120 4177 1210 4236 lineas
1231 4180 1315 4240 Paris.
1330 4179 1359 4240 d.
1381 4189 1408 4238 et
1422 4200 1459 4239 es
1477 4189 1548 4240 scut.

159 4283 216 4348 Seu.
229 4309 255 4349 1.
276 4284 374 4345 Guell.
386 4303 415 4364 9.
436 4299 490 4343 rex
503 4281 547 4341 sic
566 4278 635 4340 Tur.
659 4278 743 4340 Bern.
756 4301 782 4340 1.
