3850 4867
1469 350 1537 429 231

123 538 412 637 opportunius,
430 539 599 644 patefeci.
650 536 785 641 Recepi
806 536 994 627 Galliam,
1019 540 1256 641 Pyrenaeum,
1285 534 1540 626 Laletaniam,

121 656 349 764 Indigetes:
373 678 413 737 et
436 663 605 767 primum
634 662 820 766 impetum
852 660 1007 735 Sertorii
1026 660 1177 736 victoris
1200 662 1306 736 novis
1330 658 1540 762 [quidem]

120 780 323 859 militibus
343 802 380 859 et
399 786 523 863 multo
542 786 787 890 paucioribus
808 785 996 860 sustinui:
1021 782 1262 889 hiememque
1279 784 1321 860 in
1339 782 1468 861 castris
1480 782 1540 861 in·

119 919 177 979 ter
200 908 446 983 saevissumos
470 907 615 1001 hostis,
642 937 722 985 non
745 935 814 1013 per
838 908 978 1014 oppida
1002 932 1128 1011 neque
1148 934 1195 983 ex
1222 906 1432 983 ambitione
1454 932 1539 983 mea

117 1028 195 1135 egi5
223 1032 335 1133 quid
356 1032 446 1107 dein
476 1031 606 1137 proelia
638 1048 707 1109 aut
733 1032 991 1137 expeditiones
1018 1029 1216 1123 hibernas,
1242 1032 1383 1138 oppida
1419 1031 1539 1121 excisa

117 1168 188 1227 aut
215 1171 380 1259 recepta
395 1154 639 1232 enumerem?
664 1156 821 1261 quando
847 1182 903 1231 res
925 1156 1013 1261 plus
1036 1155 1138 1232 valet
1156 1181 1275 1258 quem
1295 1156 1418 1233 verba.
1470 1156 1539 1232 Ca·

117 1291 195 1351 stra
217 1275 402 1354 hostium
417 1280 521 1383 apud
533 1281 741 1356 Sucronem
757 1295 888 1384 capta,
914 1296 953 1355 et
975 1280 1153 1384 praelium
1173 1278 1278 1384 apud
1301 1278 1447 1355 flumen
1461 1281 1539 1355 Tu·

117 1399 243 1493 riam,
274 1421 319 1479 et
341 1403 420 1479 dux
439 1402 608 1481 hostium
627 1406 665 1480 C.
685 1404 901 1480 Herennius
922 1431 1011 1479 cum
1025 1403 1123 1479 urbe
1144 1404 1321 1479 Valentis
1345 1419 1384 1483 et
1399 1404 1539 1480 exerci-

119 1538 163 1599 tu
190 1526 339 1618 deleti,
362 1527 450 1604 satis
476 1530 578 1605 clara
600 1529 704 1605 vobis
720 1543 828 1623 sunt3
851 1553 922 1632 pro
945 1526 1052 1631 quis,
1080 1528 1214 1632 agrati
1239 1530 1384 1620 Patres,
1400 1545 1539 1633 egesta·

120 1662 199 1726 tem
221 1666 265 1728 et
281 1651 429 1729 famam
446 1653 610 1730 redditis.
634 1657 769 1755 Itaque
782 1677 867 1727 meo
879 1666 918 1727 et
927 1648 1098 1727 hostium
1111 1652 1294 1728 exercitui
1313 1680 1387 1758 par
1403 1651 1538 1729 condi·
1573 1739 1577 1747 ,

120 1772 173 1849 ῐὶο
193 1792 264 1851 est
320 1778 495 1881 Namque
511 1775 746 1881 stipendium
766 1775 894 1852 neutri
914 1774 1057 1851 detur:
1080 1775 1203 1853 victor
1221 1792 1385 1881 uterque
1405 1777 1447 1853 in
1463 1780 1539 1853 Ita-

121 1894 217 1973 liam
243 1900 382 1977 venire
409 1916 538 2005 potest.
590 1900 706 1998 Quod
730 1926 797 2005 ego
826 1926 890 1975 vos
915 1924 1053 1977 moneo
1074 1925 1277 2003 quaesoque
1298 1919 1343 1975 ut
1366 1898 1539 1977 animad-

121 2024 306 2115 vortatis,
332 2050 410 2099 neu
427 2024 565 2127 cogatis
579 2024 859 2100 necessitatibus
877 2024 1059 2129 privatim
1078 2021 1175 2097 mihi
1199 2022 1402 2100 consulere.
1452 2024 1539 2099 llis·

122 2148 290 2247 paniam
303 2149 535 2237 citeriorem,
560 2174 646 2251 ques
662 2176 743 2223 non
763 2147 811 2221 ab
826 2145 999 2222 hostibus
1016 2163 1182 2236 tenetur,
1208 2173 1277 2223 nos
1297 2164 1365 2223 aut
1380 2147 1538 2223 Sertori·

127 2294 171 2343 us
205 2270 260 2347 ad
298 2270 599 2347 internecionem
635 2270 891 2363 vastavimus3
924 2286 1062 2375 praeter
1093 2270 1316 2345 maritumas
1342 2271 1537 2366 civitates,

127 2418 212 2494 qum
227 2396 339 2471 ultro
360 2394 469 2469 nobis
491 2394 661 2498 sumptui
681 2394 872 2495 onerique.
906 2392 1034 2467 Gallia
1052 2393 1247 2497 superiore
1269 2422 1372 2470 anno
1390 2394 1535 2471 Metelli

127 2520 343 2595 exercitum
363 2518 553 2623 stipendio
573 2516 959 2624 frumentoquealuit
982 2549 990 2589 ε
1013 2532 1052 2591 et
1079 2545 1187 2594 nunc
1218 2518 1329 2593 malis
1347 2519 1536 2595 fructibus

130 2637 208 2743 ipsa
236 2644 305 2720 vix
321 2641 446 2747 agitat
496 2644 575 2747 Ego
596 2667 678 2715 non
702 2668 783 2716 rem
806 2639 1032 2714 familiarem
1052 2641 1184 2731 modo,
1207 2642 1473 2719 verumetiam
1494 2642 1537 2717 fi—

129 2762 216 2843 dem
242 2763 472 2871 consumpsi.
510 2764 662 2869 Reliqui
694 2790 757 2841 vos
778 2762 864 2841 estis
883 2794 892 2837 e
918 2763 987 2866 qui
1009 2763 1082 2839 nisi
1102 2763 1331 2856 subvenitis,
1355 2766 1477 2842 invito
1498 2782 1537 2843 et

129 2890 364 2991 praedicente
381 2915 462 2979 me,
484 2887 667 2964 exercitus
691 2886 787 2963 hinc
812 2905 851 2963 et
871 2914 961 2963 cum
981 2914 1030 2963 eo
1048 2914 1161 2964 omne
1177 2889 1324 2966 bellum
1341 2891 1537 2999 Hispania

131 3010 173 3089 in
190 3015 348 3092 Italiam
370 3013 703 3119 transgredientur.
1087 3097 1091 3113 Ι

244 3166 298 3216 ιι.
323 3138 497 3241 Namque
521 3135 603 3232 bis,
628 3152 767 3241 preter
787 3134 896 3211 solita
925 3135 1067 3212 vitiosis
1083 3138 1385 3242 magistratibus,
1410 3164 1534 3242 quum

132 3284 375 3361 peromnem
395 3259 633 3365 provinciam
654 3258 931 3335 infecunditate
951 3258 1099 3335 biennii
1116 3263 1294 3365 proxumi
1312 3286 1427 3367 grave
1445 3286 1534 3366 pre-

135 3382 231 3463 tium
255 3386 446 3462 fructibus
469 3400 568 3460 esset
592 3428 645 3445 -
674 3388 729 3457 13.
751 3382 802 3455 Hi
828 3382 986 3457 saltibus
1011 3384 1229 3488 occupatis,
1256 3401 1339 3460 tum
1362 3401 1535 3461 externo·

137 3534 223 3586 rum
248 3536 355 3616 agros
377 3510 544 3584 invasere
563 3540 571 3580 ε
598 3503 859 3607 frumentique
878 3530 923 3579 ex
943 3504 1072 3608 inopia
1092 3508 1197 3610 gravi
1216 3509 1331 3583 satias
1350 3508 1460 3587 facta.
1487 3552 1536 3575 -

145 3638 195 3726 ¹4·
219 3636 352 3738 Neque
376 3632 453 3707 iam
467 3629 644 3707 sustineri
666 3616 815 3733 poterat
834 3627 1062 3703 immensum
1093 3646 1206 3706 aucto
1225 3634 1324 3707 mari
1354 3649 1393 3709 et
1421 3650 1538 3713 vento

143 3754 319 3859 gliscenti.
344 3804 394 3817 -
423 3754 476 3830 15.
500 3758 654 3829 Actum
675 3777 870 3842 maxume,
894 3751 954 3827 uti
971 3751 1066 3827 solet
1086 3756 1260 3829 extremis
1282 3757 1324 3830 in
1346 3758 1473 3852 rebus,
1486 3758 1537 3836 sis

139 3876 177 3956 bi
197 3870 358 3988 quisque
378 3868 631 3957 ‘carissumum
650 3874 755 3952 domi
775 3874 988 3981 reeordari,
1012 3878 1221 3982 cunctique
1245 3881 1422 3959 omnium
1433 3882 1536 3963 ordi·

142 4076 230 4143 Etiam
252 4080 316 4145 hee
331 4080 454 4162 epistola
471 4078 546 4137 inest
564 4072 667 4149 fibris,
693 4073 862 4157 Natissno,
889 4072 1004 4135 Nicolai
1025 4074 1113 4138 Fabri
1129 4087 1159 4138 ct
1182 4076 1345 4149 cardinalis
1366 4080 1537 4161 nemost,

145 4206 264 4269 qaorum
281 4187 436 4267 scripturas
453 4180 554 4243 Carrio
576 4200 595 4241 ιι
616 4184 746 4243 tutuno
766 4179 892 4261 accepit.
925 4176 1118 4240 Laostaarbm
1143 4185 1244 4267 vulgo.
1272 4184 1422 4267 Indigetes
1440 4188 1538 4276 varie,

144 4292 247 4359 Fabric-
264 4292 341 4354 Brit.
359 4287 440 4354 ιιονὶι
457 4288 575 4368 quictem
593 4283 679 4352 mitt.
697 4284 816 4365 quidem
835 4304 900 4347 οιιι.
922 4282 1011 4349 ror.
1029 4282 1106 4350 Brit.
1125 4295 1155 4348 et
1170 4307 1245 4371 quas
1261 4287 1400 4355 Gnoson.
1424 4291 1537 4363 badas,
