3850 4867
370 317 416 392 18

368 477 525 574 honeste
544 495 771 602 pudicitiam
782 495 979 592 babuisse3
1000 495 1066 573 sed
1084 524 1131 574 ex
1147 495 1230 573 aliis
1248 497 1360 574 rebus
1369 497 1503 604 magis,
1521 523 1640 600 mam
1661 496 1767 600 quod

318 625 361 688 ³15
371 621 554 726 cuiquam
571 622 612 699 id
623 637 860 726 compertum
876 621 991 712 foret,
1003 619 1086 696 baec
1096 621 1197 694 fama
1216 621 1373 696 valebat.
1394 623 1475 694 Iam
1485 621 1656 725 primum
1670 619 1766 694 adu·

368 745 510 822 lescens
534 745 699 822 Catilina
723 746 845 820 multa
872 745 1039 820 nefanda
1072 744 1383 848 stupra-iecerat,
1409 772 1498 820 cum
1523 745 1669 850 virgine
1698 771 1766 820 ηο-

367 868 456 960 bili,
483 897 574 946 cum
597 869 789 946 sacerdote
810 873 957 958 Vestae,
992 868 1066 942 alia
1091 867 1353 943 huiuscemodi
1378 883 1511 944 contm
1540 866 1600 943 ius
1627 868 1768 971 fasque,

368 995 560 1069 Postremo
581 1010 714 1098 captus
737 1018 866 1068 amore
884 991 1047 1066 Aureliae
1070 991 1277 1083 Orestilla,
1299 991 1407 1068 cuius
1428 1009 1566 1096 praeter
1588 991 1767 1080 somnam,

371 1115 472 1194 nihil
493 1145 679 1221 umquam
702 1117 824 1192 bonus
844 1115 1033 1209 laudavit,
1052 1115 1157 1217 quod
1175 1143 1219 1190 ea
1236 1116 1381 1191 nubere
1402 1116 1459 1190 illi
1479 1115 1698 1206 dubitabat,
1720 1115 1767 1189 ti-

369 1253 476 1316 meus
497 1242 716 1346 privignum
745 1240 878 1316 adulta
906 1254 1039 1331 aetate3
1074 1266 1145 1342 pro
1163 1255 1267 1314 certo
1294 1239 1483 1328 creditur,
1508 1253 1644 1314 necato
1668 1238 1767 1327 filio,

368 1390 531 1440 vacuam
558 1365 718 1440 domum
747 1363 907 1438 scelestis
933 1363 1079 1466 nuptiis
1104 1362 1239 1438 fecisse.
1283 1362 1380 1459 Quae
1403 1361 1559 1464 quidem
1588 1387 1645 1436 res
1670 1360 1767 1436 mibi

370 1487 414 1562 in
435 1475 568 1592 primis
588 1487 741 1564 videtur
756 1511 885 1562 caussa
910 1485 1024 1560 fuisse
1044 1484 1222 1561 facinoris
1234 1486 1463 1561 maturandi.
1496 1487 1671 1588 Namque
1685 1486 1768 1560 ani·

371 1637 456 1687 mus
480 1611 671 1716 impurus,
705 1610 763 1685 dis
785 1608 1084 1712 hominibusque
1113 1609 1289 1700 infestus,
1322 1637 1447 1712 neque
1478 1609 1616 1714 vigiliis
1643 1635 1769 1714 neque

373 1734 567 1838 quietibus
588 1735 710 1812 sedari
730 1718 920 1838 poterat:⁸
939 1734 992 1809 ita
1018 1733 1247 1808 conscientia
1273 1751 1441 1809 mentem
1465 1735 1628 1809 excitam
1647 1750 1768 1808 rasta·

372 1859 448 1934 bat.
483 1857 605 1964 Igitur
626 1839 726 1934 colos
747 1857 961 1962 exsanguis,
995 1856 1090 1932 soedi
1113 1856 1241 1948 oculi,
1271 1857 1369 1932 citus
1396 1857 1529 1950 modo,
1552 1857 1667 1935 modo
1693 1875 1767 1930 tan

315 1981 444 2058 'sidus
463 1983 646 2074 incessus3
671 2005 823 2085 prorsus
846 1981 889 2054 in
908 1979 1005 2056 facie
1027 1981 1213 2084 voltuque
1232 1980 1407 2056 vecordia
1428 1981 1559 2056 inerat.
1609 1982 1683 2057 Sed
1705 1982 1765 2057 iu·

373 2121 589 2196 ventutem,
615 2131 752 2208 quam,
777 2119 823 2176 ut
842 2128 956 2205 supra
978 2102 1160 2194 diximus,
1186 2103 1388 2195 inlexerat,
1411 2105 1543 2179 multis
1555 2105 1676 2181 modis
1690 2133 1768 2180 ma-

372 2229 412 2308 la
434 2230 607 2306 facinora
629 2227 818 2304 edocebat.
867 2227 925 2301 Ex
949 2226 1025 2300 illis
1047 2242 1153 2302 testes
1170 2228 1450 2332 signatoresque
1470 2227 1580 2303 falsos
1602 2255 1768 2304 commo-

372 2353 484 2450 dare,
506 2352 635 2444 fidem,
658 2351 850 2442 fortunas,
874 2349 1044 2452 pericula
1067 2349 1157 2426 vilia
1181 2349 1453 2454 habere5post,
1475 2351 1544 2426 ubi
1559 2378 1694 2428 eorum
1713 2353 1767 2427 fa-

373 2503 478 2554 mam
496 2493 611 2578 atque
629 2475 816 2580 pudorem
828 2473 1051 2562 adtriverat,
1075 2474 1220 2548 maiora
1242 2474 1316 2548 alia
1338 2474 1571 2578 imperabat:
1592 2476 1624 2550 si
1640 2502 1766 2551 caussa

373 2599 560 2707 peccandi
583 2599 625 2676 in
639 2623 800 2704 praesens
820 2597 948 2671 minus
970 2596 1210 2702 suppetebat,
1234 2595 1359 2673 nibilo
1376 2598 1504 2673 minus
1518 2599 1704 2704 insontes,
1722 2599 1771 2675 si·

374 2839 474 2902 prtum.
500 2819 580 2900 quod
590 2819 689 2880 delent
702 2818 783 2878 Leid.
798 2839 827 2878 e.
839 2817 867 2876 l.
879 2820 900 2877 l.
914 2837 955 2876 m.
984 2815 1046 2873 Bas.
1063 2835 1089 2874 a.
1101 2815 1170 2886 Μ.
1190 2835 1245 2876 uec
1262 2827 1425 2900 agnoscunt
1440 2816 1561 2878 Palatini
1577 2816 1609 2878 3.
1620 2819 1687 2890 46.
1701 2820 1730 2881 Β.
1741 2841 1769 2900 9.

379 2947 425 2986 ro.
450 2945 496 2986 ιι.
522 2945 568 2985 ra.
589 2924 784 2984 Gommelian.
804 2921 888 2980 Paris.
902 2920 934 2979 d.
948 2941 974 2979 e.
994 2919 1053 2978 Erl.
1073 2921 1141 3002 Teg.
1161 2919 1231 2980 Tur.
1258 2941 1284 2980 ι.
1304 2943 1346 2980 m.
1362 2941 1417 2981 sec.
1439 2920 1524 2980 Bern.
1548 2943 1574 2982 t.
1594 2921 1771 3004 tileompeu·

374 3032 449 3083 trun.
468 3041 570 3083 omnes
583 3020 646 3081 Bas.
661 3019 742 3080 Leid.
761 3029 790 3078 et
813 3015 895 3076 baud
912 3023 1002 3082 dubie
1018 3023 1134 3084 Gruteti
1155 3034 1185 3085 et
1198 3025 1301 3086 wanti
1321 3025 1399 3084 libri.
1427 3025 1512 3085 Paris.
1523 3047 1550 3086 a.
1566 3047 1593 3088 c.
1608 3026 1678 3086 Tur.
1701 3048 1727 3087 t.
1744 3048 1771 3087 a.

374 3147 468 3210 comp.
479 3126 521 3188 id.
542 3125 627 3186 Beru.
644 3145 669 3184 1.
690 3143 787 3202 quma.
796 3124 971 3186 omit-Paris.
978 3127 1007 3187 b.
1028 3149 1118 3208 pamm
1131 3128 1165 3189 id
1174 3128 1320 3210 cuiquem.
1331 3129 1416 3190 bern.
1428 3149 1553 3210 aquom
1567 3150 1604 3191 st
1619 3131 1681 3192 ltoc
1693 3133 1771 3210 quod

374 3234 513 3314 empnam
538 3230 580 3291 id.
601 3229 686 3290 Bam.
698 3227 727 3288 3.

426 3358 499 3441 Cap.
519 3359 565 3424 15.
586 3357 762 3418 mutatam
783 3353 868 3416 liam.
882 3378 908 3418 r.
929 3359 1066 3420 αάιιῑιωη
1082 3369 1177 3420 aetcte.
1196 3359 1259 3419 su.
1273 3379 1302 3418 a.
1314 3359 1343 3419 3.
1357 3361 1386 3431 4.
1400 3360 1592 3423 omuesLeid.
1607 3373 1728 3445 exepto
1745 3385 1775 3426 c.

376 3467 427 3548 qni
443 3475 541 3526 tamen
556 3464 589 3522 in
604 3462 734 3544 margine
746 3457 846 3528 babet.
864 3463 995 3550 plurimi,
1008 3462 1102 3524 corui
1117 3463 1214 3524 Codd.
1245 3464 1329 3522 Paris
1340 3463 1370 3522 b.
1378 3486 1404 3523 c.
1416 3465 1447 3524 d.
1458 3486 1483 3524 e.
1510 3465 1582 3548 Τις.
1602 3465 1673 3527 Tur.
1696 3489 1722 3527 r.
1744 3488 1771 3528 s.

375 3568 461 3632 llam.
479 3589 505 3631 ι.
522 3590 549 3628 a.
568 3568 673 3628 udttlte
682 3575 776 3625 atate.
795 3557 858 3624 llas.
869 3587 896 3624 r.
914 3566 1015 3626 Vinar.
1031 3588 1060 3628 a.
1077 3569 1173 3628 Sonat.
1185 3589 1213 3629 t.
1238 3569 1323 3634 Paris.
1340 3590 1369 3628 ι.
1396 3569 1457 3629 Erl.
1476 3569 1560 3630 Bern.
1573 3569 1603 3631 3.
1628 3573 1772 3633 vastabat.

377 3672 442 3734 Bas.
455 3693 481 3732 t.
501 3672 582 3734 Leid.
593 3670 623 3730 b.
636 3674 656 3730 f.
669 3671 729 3729 l.l.
747 3667 848 3729 decem
859 3670 981 3730 Palatini
1000 3671 1147 3734 Commel.
1174 3670 1314 3734 Arondel.
1335 3672 1432 3733 Pemb.
1461 3673 1558 3734 Guelt'.
1574 3695 1599 3735 t.
1615 3695 1642 3734 a.
1655 3675 1727 3748 Μ.
1744 3678 1772 3738 5.

379 3776 409 3838 6.
425 3798 453 3858 7.
463 3777 492 3837 8.
506 3797 555 3840 ιο.
572 3775 695 3836 Eccard.
711 3771 816 3834 vinu.
832 3782 925 3854 uterq.
939 3775 998 3834 iuc.
1013 3797 1039 3834 t.
1057 3777 1155 3837 Senat.
1167 3796 1194 3836 t.
1212 3775 1299 3836 ilem.
1311 3797 1337 3836 a.
1358 3775 1542 3838 latrare.
1554 3799 1580 3838 c.
1593 3778 1623 3838 d.
1633 3800 1659 3838 e.
1678 3799 1771 3841 υπα-

363 3879 437 3964 ¹but.
453 3881 567 3961 aliquot
591 3879 668 3944 Rivii
685 3876 781 3936 Codd.
803 3874 865 3936 Bas.
878 3895 904 3936 2.
915 3878 944 3948 4.
965 3880 1053 3959 pauci
1063 3878 1158 3940 Cottii
1168 3879 1246 3940 libri.
1273 3882 1523 3958 meatwnfibivn.
1542 3881 1612 3944 l'ur.
1629 3903 1658 3943 a.
1686 3885 1774 3945 coloe.

376 3987 417 4049 its
431 3985 595 4048 aSollustio
607 3986 748 4065 scriptum
762 3982 917 4044 coufirmat
934 3981 1017 4058 Prob.
1031 3981 1175 4045 Catltolic.
1190 4005 1258 4066 pag.
1274 3985 1358 4065 1467.
1379 3985 1432 4045 Ed.
1454 3983 1567 4046 Putacb.
1590 3988 1678 4049 etiam
1696 3987 1774 4069 Pop-

378 4109 431 4150 κιο
445 4090 477 4150 in
492 4098 610 4170 mscrpt.
627 4089 749 4152 invenit.
768 4085 866 4144 colore
886 4101 1029 4163 esaugw
1047 4085 1115 4152 Nar.
1129 4097 1160 4147 ct·
1169 4085 1315 4146 Commel.
1336 4091 1457 4168 plurimi
1472 4089 1592 4149 Palatio.
1611 4091 1695 4151 color
1704 4091 1772 4151 criu.

310 4179 312 4184 '
377 4196 419 4259 ta
442 4195 565 4278 purat
582 4193 664 4256 uta.
684 4187 1486 4273 aa.2.s.r.cuau.s.ptu1aumuutaruas
1506 4193 1592 4254 uem.
1608 4215 1635 4255 t.
1650 4214 1680 4255 2.
1693 4195 1775 4257 0010.
