3850 4867
390 315 465 415 576

391 494 478 569 dem
497 520 565 601 ego
582 493 636 571 sic
656 492 762 597 apud
778 492 953 571 animum
975 518 1104 572 meum
1124 506 1269 586 statuo,
1297 492 1528 599 cuicumque
1549 494 1591 570 in
1607 518 1674 570 sua
1695 491 1776 569 civi·

392 634 469 695 tate
485 617 649 722 amplior
664 616 925 722 illustriorque
947 616 1054 695 locus
1075 645 1193 722 qtram
1209 618 1294 694 aliis
1308 636 1380 710 est,
1404 619 1440 695 ei
1462 644 1640 722 magnam
1656 644 1779 693 curam

258 726 262 735 ⁵
391 768 466 819 esse
498 741 728 846 reipublicae.
768 744 865 817 Nam
894 742 1042 833 ceteris,
1065 744 1167 818 salva
1191 743 1306 832 urbe,
1340 741 1607 817 tantummodo
1636 739 1780 815 libertas
1872 747 1873 840 l

392 882 475 941 tuta
496 882 575 941 est:
602 867 669 970 qui
691 892 775 971 per·
790 866 972 942 virtutem
991 866 1065 941 sibi
1089 866 1258 955 divitias,
1282 864 1412 956 decus,
1443 863 1650 954 bonorem,
1680 888 1784 967 pepe·
1872 887 1873 956 ξ

392 1007 545 1083 temet,
569 991 636 1066 ubi
668 989 845 1094 paullum
876 990 1061 1065 inclinata
1094 989 1308 1094 respublica
1329 990 1465 1095 agitari
1486 988 1629 1093 ooepit,
1660 987 1784 1063 multi·
1872 989 1873 1046 l

392 1114 545 1218 pliciter
561 1113 712 1188 animus
727 1114 828 1187 curis
852 1128 968 1214 atque
986 1112 1182 1187 laboribus
1206 1111 1405 1216 fatigatum
1429 1130 1498 1187 aut
1520 1112 1700 1218 gloriam,
1724 1126 1787 1187 aut

392 1238 625 1325 libertatem,
650 1253 718 1311 aut
741 1264 820 1311 rem
840 1230 1091 1326 familiarem,
1125 1234 1320 1312 defensat:
1347 1236 1525 1311 omnihus
1552 1236 1644 1311 locis
1672 1237 1787 1326 adest,

393 1361 569 1437 festinat:
594 1378 740 1462 quanto
758 1359 799 1433 in
818 1358 992 1433 secundis
1012 1359 1124 1433 rebus
1144 1356 1344 1433 florentior
1361 1357 1451 1448 fun,
1477 1374 1586 1433 tanto
1603 1358 1645 1432 in
1661 1358 1789 1434 advor-

270 1512 277 1529 ·
394 1485 442 1559 sis
460 1484 626 1589 asperius
648 1484 840 1586 magisque
861 1481 973 1557 anxie
996 1481 1122 1587 agitat.
1162 1484 1285 1587 Igitur
1307 1482 1387 1556 uhi'
1402 1480 1529 1584 plebes
1555 1483 1728 1573 senatui,
1747 1482 1789 1557 si·

396 1608 476 1683 cuti
508 1634 645 1713 corpus
676 1607 825 1697 animo,
846 1605 990 1695 obedit,
1021 1604 1177 1706 eiusque
1201 1605 1374 1679 consulta
1400 1604 1646 1707 exsequitur:
1670 1623 1791 1709 patres

397 1730 555 1813 consilio
578 1730 701 1805 valere
720 1728 844 1816 decet,
873 1726 1019 1830 populo
1044 1752 1322 1831 supervacanea
1342 1744 1398 1802 est
1417 1728 1614 1803 calliditas.
1662 1733 1793 1832 Itaque

397 1854 556 1929 maiores
574 1853 712 1941 nostri,
738 1878 828 1926 cum
849 1850 957 1925 bellis
980 1851 1207 1956 asperrumis
1229 1858 1512 1955 premerentur,
1540 1853 1667 1955 equis,
1690 1853 1793 1942 viris,
1873 1947 1874 1976 χ

394 1979 559 2084 pecunia
581 1976 730 2065 amissa,
756 2002 960 2078 nunquam
984 1973 1115 2049 defessi
1131 1990 1224 2048 sunt
1247 1975 1385 2049 armati
1402 1975 1451 2051 de
1467 1976 1629 2079 imperio
1643 1994 1794 2053 certare

394 2106 479 2179 Non
498 2104 628 2208 inopia
651 2101 798 2189 oerarii,
824 2126 905 2174 non
925 2100 981 2175 vis
1005 2097 1196 2188 bostium,
1220 2125 1302 2173 non
1326 2098 1482 2174 advorsa
1500 2126 1574 2191 ses,
1602 2100 1793 2205 ingentem
1873 2099 1874 2102 '

394 2254 527 2305 eorum
545 2228 720 2302 animum
744 2224 912 2327 subegit,
938 2222 1053 2326 quin,
1075 2248 1163 2325 quse
1180 2221 1322 2297 virtute
1349 2240 1545 2326 ceperant,
1569 2225 1686 2300 simul
1708 2254 1794 2301 cum

396 2353 523 2427 anima
545 2352 761 2427 retinerent.
800 2352 925 2449 Atque
945 2372 991 2419 ea
1010 2346 1129 2448 magis
1152 2342 1316 2437 fortibus
1338 2346 1524 2439 consiliis,
1548 2376 1666 2451 quam
1687 2351 1793 2426 bonis

395 2477 553 2581 praeliis,
576 2490 727 2580 patrato
747 2489 846 2549 sunt.
884 2470 1040 2573 Quippe
1060 2468 1166 2571 apud
1191 2468 1276 2545 illos
1296 2496 1375 2543 una
1398 2472 1613 2575 respublica
1633 2493 1737 2565 erat,
1761 2478 1793 2550 ei

397 2626 525 2689 omnes
547 2598 817 2691 consulebant3
839 2594 955 2673 factio
975 2598 1109 2670 contra
1130 2592 1254 2669 hostes
1274 2594 1504 2697 parabatur:
1527 2624 1665 2701 corpus
1680 2617 1793 2703 atque

394 2722 595 2828 ingenium
614 2722 761 2827 patriae,
790 2748 871 2798 non
886 2744 965 2795 suae
980 2719 1143 2822 quisque
1160 2718 1361 2821 potentiae,
1383 2719 1621 2795 exercitabat
1656 2728 1709 2798 At
1723 2722 1794 2799 hoc
1874 2771 1875 2810 ;

398 2863 566 2951 tempore
597 2861 731 2923 contra
768 2874 810 2923 ea
844 2844 1019 2920 homines
1048 2842 1215 2931 nobiles,
1244 2867 1424 2943 quorum·
1441 2843 1588 2920 animos
1623 2848 1792 2924 socordia
1874 2837 1875 2890 ³

397 2986 512 3075 atque
531 2971 679 3077 ignavia
698 2969 851 3061 invasit,
876 2967 999 3073 ignari
1025 2964 1190 3056 laboris,
1205 2963 1391 3056 bostium,
1408 2966 1574 3062 militiae,
1596 2967 1703 3047 domi
1719 2975 1793 3049 fac·

396 3096 503 3172 ‚tione
524 3095 719 3185 instructi,
737 3120 807 3199 per
824 3091 1044 3196 superbiam
1064 3090 1213 3167 cunc'tis
1234 3090 1410 3194 gentibus
1429 3092 1688 3170 moderantur.
1722 3101 1792 3171 lta·

352 3260 382 3299 n
398 3248 473 3325 que
503 3238 644 3326 patres,
660 3222 837 3323 'quorum
865 3204 1025 3293 consilio
1050 3231 1164 3290 antea
1192 3212 1310 3289 dubia
1339 3217 1553 3319 respublica
1578 3219 1793 3295 stabilieba-

397 3360 479 3435 tur,
498 3344 662 3449 oppressi
676 3370 722 3419 ex
738 3342 862 3418 aliena
880 3341 1057 3416 lubidine
1070 3336 1149 3414 huc
1164 3354 1280 3441 etque
1298 3338 1393 3414 illuc
1404 3339 1632 3420 fluctuantes
1649 3347 1792 3451 agitan-

395 3486 484 3544 tur:
509 3468 704 3544 interdum
723 3466 816 3556 alia,
842 3464 982 3541 deinde
1004 3464 1102 3553 alia,
1125 3462 1355 3553 decernunt,
1379 3465 1439 3539 uti
1459 3492 1613 3557 eorum,
1638 3470 1708 3571 qui
1726 3471 1789 3546 do-

393 3592 609 3683 minantur,
621 3592 792 3667 simultas
807 3606 876 3665 aut
892 3586 1012 3693 gratia
1024 3586 1113 3674 fert,
1124 3580 1176 3659 ita
1189 3584 1337 3699 bonum
1350 3585 1572 3691 malumque
1587 3594 1788 3695 publicum

393 3732 601 3793 aestumant.
630 3714 745 3813 Quod
770 3714 800 3789 si
821 3728 888 3789 aut
909 3709 1063 3785 libertas
1082 3732 1191 3809 aequa
1212 3708 1404 3800 omnium,
1431 3729 1499 3786 aut
1514 3718 1701 3790 sententia
1722 3718 1785 3793 ob-

390 3842 536 3919 scurior
548 3854 658 3932 esset:
683 3836 890 3915 maioribus
911 3832 1048 3939 opibus
1063 3830 1276 3935 respublica
1299 3846 1337 3907 et
1352 3834 1480 3911 minus
1499 3854 1633 3941 potens
1646 3842 1782 3917 nobili.

391 4044 465 4127 Cup.
484 4066 529 4111 ιι.
551 4044 596 4105 uti
609 4064 709 4107 sonim
719 4040 801 4107 Febr.
811 4042 885 4105 Bric.
898 4049 979 4101 retus
989 4034 1097 4097 Editio.
1117 4034 1250 4097 simultas
1268 4040 1442 4120 arrogantia
1452 4041 1557 4118 serim
1565 4044 1666 4105 iidem.
1680 4046 1780 4108 simul-

385 4158 432 4214 tas
446 4172 483 4213 oo
500 4149 676 4230 arrogantia
702 4144 934 4231 vulgo.simultas
951 4152 1004 4203 ottt
1020 4138 1120 4221 gratio
1138 4139 1231 4201 vatic.
1249 4140 1395 4219 publiutm
1411 4154 1565 4206 ‹crtumant
1586 4168 1688 4210 omncs
1701 4152 1774 4211 libri.

383 4258 560 4347 existiment
577 4258 676 4339 vulgo.
697 4249 854 4315 :enuntias
863 4266 965 4312 corum
980 4243 1150 4309 Fcbubsic.
1163 4242 1307 4305 sententio
1318 4244 1411 4310 Vstic.
1428 4249 1552 4311 strerutis
1566 4261 1653 4332 etque
1666 4253 1774 4336 ignovi:
