3850 4867
1475 336 1546 432 ²67

145 507 261 601 soles,
287 514 458 616 pervade.
510 517 684 618 Namque
702 528 770 589 aut
797 528 840 590 tu
858 515 1001 591 mederi
1020 530 1148 619 potes,
1171 530 1241 590 aut
1262 506 1472 591 omitreada
1494 520 1550 589 est

145 656 241 707 eura
260 636 446 712 omnibus
497 640 628 742 Neque
651 638 854 741 quisquam
880 654 917 715 te
943 638 995 715 ad
1015 638 1176 714 cmdelis
1197 650 1331 742 paenas
1357 652 1426 717 aut
1447 660 1551 711 acer

143 754 194 829 ba
215 756 359 835 iudicia
376 760 549 853 invocat,
573 762 713 865 quibus
729 761 859 837 civitas
871 778 1042 837 vastatur
1057 762 1175 866 magis
1189 788 1309 865 quarn
1325 758 1550 864 corrigitur;

141 879 209 955 sed
234 882 294 956 uti
323 910 458 987 pravas
490 902 587 967 artes
614 878 808 986 malasque
835 883 1029 959 lubidines
1050 885 1100 960 ab'
1121 885 1321 960 iuventute
1339 881 1549 987 prohibeas

142 1002 199 1077 Ea
222 1030 312 1079 vera
335 1006 537 1083 clementia
560 1008 653 1098 erit,
679 1006 930 1095 consuluisse,
957 1035 1008 1082 ne
1022 1008 1212 1083 immerito
1227 1008 1325 1083 circs
1346 1006 1472 1111 patria
1488 1033 1551 1082 en·

141 1126 412 1230 pellerentur;
435 1131 633 1207 retinuisse
647 1131 695 1205 ab
711 1129 874 1205 strdtitia
900 1146 938 1205 et
962 1129 1064 1205 falsis
1087 1130 1369 1235 voluptatibus3
1394 1154 1550 1233 pacem,
1578 1133 1581 1137 ’

143 1252 396 1328 concordiam
419 1253 637 1329 stabilivisse
669 1285 677 1327 ε
714 1279 812 1342 non,
837 1251 868 1326 si
895 1250 1048 1356 flagitiis
1069 1254 1285 1342 obsecutus,
1310 1252 1447 1329 delicta
1464 1276 1551 1356 per-

142 1398 294 1477 pessus,
318 1402 479 1479 proesens
500 1374 686 1481 gaudium
703 1402 793 1451 cum
815 1401 905 1450 mox
926 1374 1059 1450 futuro
1086 1376 1188 1450 malo
1214 1376 1445 1451 concesseris
1494 1378 1576 1457 Act

144 1494 248 1571 mibi
266 1499 436 1589 animus,
457 1500 597 1601 quibus
614 1499 726 1575 rebus
740 1497 807 1573 alii
829 1499 985 1589 timent,
1009 1525 1187 1573 maxume
1201 1497 1321 1573 fretus
1344 1514 1415 1589 est,
1439 1526 1553 1605 nego·

144 1620 190 1695 tii
215 1622 485 1724 magnitudine
507 1638 546 1697 et
569 1621 661 1725 quia
680 1620 751 1695 tibi
771 1636 880 1695 terrae
905 1636 945 1695 et
962 1621 1082 1695 maria
1105 1620 1221 1697 simul
1246 1621 1376 1697 omnia
1399 1649 1554 1727 compo-

146 1745 279 1821 nenda
302 1763 401 1821 sunt
439 1746 596 1849 Quippe
610 1770 666 1819 res
683 1767 816 1848 parvas
837 1759 990 1819 tantum
1007 1743 1205 1847 ingenium
1220 1746 1407 1849 attingere
1417 1748 1555 1850 nequi·

144 1884 234 1944 ret:
259 1895 407 1973 magnoe
432 1894 534 1945 curae
568 1894 704 1972 magna
726 1890 866 1939 merces
891 1881 953 1939 est
1005 1866 1128 1969 Igitur
1150 1866 1347 1970 provideas
1381 1886 1553 1972 oportet,

145 1992 207 2065 uti
224 1992 371 2095 plebes,
387 1991 654 2096 largitionibus
673 2006 711 2063 et
726 1987 884 2092 publico
902 1986 1097 2064 frumento
1113 2007 1312 2094 corrupta,
1334 1990 1555 2069 habeatne-

146 2116 253 2220 gotia
274 2140 361 2205 sua,
389 2115 529 2217 quibus
546 2114 595 2189 ab
615 2113 718 2187 malo
737 2112 894 2216 publico
913 2112 1132 2188 detineatur
1155 2148 1163 2190 :
1189 2116 1365 2190 iuventus
1385 2116 1555 2220 probita-

148 2238 235 2314 tiet
254 2238 472 2328 industria,
497 2264 578 2313 non
590 2236 806 2340 sumptibus
825 2262 950 2337 neque
974 2236 1116 2311 divitiis
1134 2234 1293 2312 studeat
1343 2238 1388 2314 Id
1406 2239 1461 2315 ita
1473 2266 1555 2315 eve·

148 2363 251 2452 niet,
277 2361 309 2436 si
327 2360 517 2466 pecuniae,
542 2378 629 2463 quae
645 2384 823 2433 maxuma
854 2358 1032 2433 omnium
1052 2359 1238 2462 pernicies
1260 2376 1334 2452 est,
1359 2386 1474 2437 usum
1497 2379 1555 2437 atr
1686 2434 1690 2441 ,

147 2512 228 2589 que
249 2485 364 2559 decus
384 2482 569 2559 demseris.
618 2483 716 2557 Nam
744 2506 841 2584 saepe
868 2506 936 2584 ego
962 2508 1054 2556 cum
1084 2482 1215 2558 animo
1246 2510 1330 2561 meo
1352 2491 1556 2589 reputans,

150 2608 296 2713 quibus
321 2608 482 2711 quisque
499 2606 612 2681 rebus
638 2605 732 2683 clari
752 2604 825 2679 viri
849 2605 1156 2709 magnitudinem
1183 2606 1432 2704 invenissent3
1455 2636 1559 2714 quae-

151 2760 230 2837 que
246 2758 304 2807 res
316 2730 479 2841 populos
495 2729 712 2805 nationesre
730 2728 876 2834 magnis
897 2728 1143 2805 auctionibus
1157 2729 1368 2825 auxissent;
1391 2758 1437 2808 ac
1449 2730 1559 2812 dein·

152 2859 222 2949 ds,
241 2856 381 2959 quibus
397 2853 533 2930 caussis
546 2854 788 2956 amplissume
808 2877 923 2952 regna
939 2868 979 2927 et
994 2852 1152 2956 imperia
1166 2853 1413 2953 corruissent:
1426 2857 1560 2935 eadem

153 3007 304 3085 semper
321 2981 423 3056 bona
455 2994 571 3079 atque
596 2977 697 3052 mala
725 2973 976 3078 reperiebam,
999 3001 1204 3078 omnesque
1222 2976 1381 3053 victores
1408 2978 1560 3063 divitias

155 3103 421 3207 contempsisse
439 3100 611 3177 strictos
628 3098 819 3202 cupivisse
868 3098 1000 3201 Neque
1023 3098 1134 3173 aliter
1152 3098 1358 3202 quisquam
1380 3103 1560 3181 extollere

156 3256 233 3306 sese
248 3245 287 3303 et
305 3226 436 3302 divina
451 3224 622 3299 mortalis
649 3221 834 3325 attingere
861 3236 1001 3324 potest,
1025 3222 1121 3311 nisi,
1146 3222 1289 3297 omissis
1318 3226 1492 3327 pecuniae
1520 3243 1560 3302 et

159 3350 328 3455 corporis
342 3346 502 3453 gaudiis,
519 3346 648 3419 animo
661 3344 874 3447 indulgens,
884 3372 965 3419 non
978 3345 1202 3420 assentando
1214 3372 1340 3447 neque
1352 3346 1558 3451 concupita

158 3470 380 3582 praebendo,
401 3493 612 3572 perversam
625 3466 786 3569 gratiam
801 3466 1035 3571 gratificans3
1055 3467 1184 3545 sedin
1206 3468 1354 3557 labore,
1373 3469 1558 3573 patientia

159 3598 346 3700 bonisque
358 3591 554 3698 praeceptis
572 3606 610 3665 et
624 3589 735 3665 'factis
753 3587 915 3663 fortibus
930 3588 1180 3664 exercitando.
1204 3591 1303 3664 Nam
1313 3590 1473 3668 domum
1491 3610 1589 3673 aute

159 3724 293 3801 rillarn
319 3734 525 3803 exstruere,
556 3737 716 3815 eamque
735 3712 870 3816 signis,
897 3712 1026 3787 auloeis
1050 3712 1210 3815 aliisque
1240 3715 1419 3819 operibus
1453 3744 1562 3801 exor-

160 3874 269 3936 nare,
294 3858 333 3919 ct
346 3839 476 3929 omnia
496 3837 622 3941 potius
638 3862 755 3939 quam
772 3851 890 3910 semet
907 3835 1106 3912 visendum
1127 3836 1297 3932 efficeoe3
1322 3838 1363 3914 id
1385 3856 1457 3933 est,
1479 3870 1563 3930 non

160 3971 311 4051 divitias
330 3962 458 4047 decori
473 3959 633 4050 habere,
658 3958 723 4035 sed
744 3958 869 4063 ipsum
892 3958 968 4035 illis
988 3958 1132 4065 flagitio
1156 3984 1241 4035 esse.
1273 3963 1392 4039 Porro
1411 3964 1461 4057 ii,
1476 3966 1564 4070 (μί.

162 4170 224 4251 qttt'l
244 4167 343 4229 celeri.
362 4166 451 4223 decus
466 4154 624 4221 muueris
642 4154 729 4217 Fabri
745 4166 774 4216 el
789 4156 864 4216 Eric·
884 4174 1003 4235 quaque
1018 4175 1064 4218 m
1078 4157 1200 4238 populu
1218 4176 1321 4223 ⁰¹1¹!oe
1332 4160 1411 4223 libri·
1432 4180 1488 4241 w
1499 4141 1563 4226 o'm·

165 4276 247 4337 Cort-
268 4269 385 4353 mugnis
401 4264 581 4329 arretiombur
598 4260 685 4325 rna
699 4271 728 4321 st
744 4259 820 4321 Bria.
841 4259 1007 4322 autoribus
1019 4259 1112 4323 Vatis.
1132 4294 1176 4311 -
1206 4258 1282 4346 Cap.
1293 4266 1324 4328 0.
1343 4264 1564 4349 mmm

1136 4365 1164 4420 k
