3850 4867
172 249 566 373 Ι·ιιι’

391 475 548 552 tiverit.”
581 479 820 554 treantina
850 507 895 554 ex
924 481 1060 554 itinere
1081 479 1271 585 plerisque
1297 477 1586 567 consularibus,
1611 469 1787 581 praetema

388 617 548 704 optumo
576 601 741 705 cuique,
779 603 921 678 litteras
942 604 1092 678 mittit:
1126 661 1147 694 „
1166 606 1211 680 Se
1239 604 1341 680 falsis
1371 602 1597 681 criminibus
1627 602 1785 677 circum-

387 738 561 816 ventum,
586 725 771 827 quoniam
802 724 960 800 factioni
990 725 1236 801 inimicorum
1261 728 1429 802 resistere
1457 725 1688 830 nequiverit,
1711 722 1786 796 for·

387 861 492 922 tunae
511 846 660 938 cedere,
682 847 889 924 Massiliam
911 849 953 923 in
971 849 1129 925 exilium
1153 848 1360 954 proticisci:
1386 877 1467 926 non
1488 875 1566 952 quo
1587 848 1660 924 sibi
1689 845 1783 921 tanti

384 969 532 1046 sceleris
561 970 733 1046 conscius
763 989 873 1062 esset,
904 972 969 1048 sed
990 973 1051 1049 uti
1086 972 1299 1077 respublica
1323 948 1455 1076 quieta
1475 973 1593 1063 lorct3
1627 997 1720 1049 nere
1738 995 1783 1044 ex

382 1117 451 1168 sua
473 1095 716 1170 contentione
729 1095 863 1170 seditio
885 1096 1082 1171 oriretur.”
1114 1097 1173 1171 Ab
1189 1095 1249 1172 his
1266 1097 1378 1201 louge
1399 1096 1562 1171 divorsas
1581 1094 1708 1170 literas
1735 1092 1782 1189 Q.

370 1218 541 1308 ¹Catulus
563 1218 606 1293 in
633 1219 775 1294 Senatu
809 1219 1001 1309 recitavit,
1026 1244 1119 1322 quas
1140 1220 1212 1296 sibi
1233 1219 1389 1294 nomine
1409 1218 1583 1294 Catilinae
1617 1215 1781 1292 redditas

382 1339 555 1434 dicebat3
579 1367 711 1416 carum
724 1342 944 1446 exemplum
962 1341 1063 1417 infra
1085 1342 1270 1445 scriptum
1287 1359 1349 1418 est.

334 1465 371 1527 35
461 1466 525 1552 „L.
543 1463 708 1539 Catilina
730 1463 775 1560 Q.
796 1465 940 1540 Catulo.
962 1465 1118 1570 Egregia
1142 1483 1207 1540 tua
1225 1467 1315 1542 fides
1338 1492 1378 1542 re
1399 1463 1562 1568 cognita,
1580 1479 1686 1568 grata
1708 1463 1778 1536 mi·

380 1585 448 1679 hi,
472 1586 616 1690 magnis
639 1588 679 1661 in
711 1588 801 1662 meis
835 1589 1015 1691 periculis
1037 1589 1218 1665 fiduciam
1239 1587 1561 1665 commendationi
1590 1611 1682 1661 meae
1712 1586 1779 1658 tri-

379 1709 474 1786 buit.
506 1711 767 1808 Quamobrem
787 1711 1044 1789 defensionem
1065 1713 1107 1789 in
1130 1740 1229 1789 novo
1248 1713 1405 1788 consilio
1423 1739 1504 1785 non
1523 1710 1641 1785 statui
1668 1735 1778 1812 para-

378 1859 438 1909 re:
463 1833 755 1910 satisfactionem
773 1861 817 1910 ex
840 1835 947 1910 nulla
974 1837 1204 1912 conscientia
1223 1835 1271 1910 de
1289 1835 1403 1939 culpa
1422 1858 1635 1938 proponere
1649 1831 1777 1906 decre·

376 1957 433 2034 vi:
459 1985 592 2062 qrtam,
612 1985 672 2034 me
689 1958 786 2034 Dius
806 1955 936 2049 lidius,
961 1986 1090 2034 veram
1114 1959 1205 2034 licet
1220 1983 1429 2064 cognoscas.
1467 1957 1622 2032 iniuriis
1640 1972 1775 2030 contu-

374 2207 464 2268 rsmp.
486 2187 555 2248 Tur.
571 2209 598 2246 2.
619 2207 681 2246 non
693 2187 770 2264 quod
785 2186 847 2245 sibi.
869 2185 966 2246 Guell.
979 2209 1007 2268 7.
1019 2210 1049 2266 9.
1069 2186 1181 2248 Fabrir.
1194 2206 1219 2244 2.
1241 2184 1321 2243 Leid.
1332 2184 1363 2248 lr.
1384 2193 1461 2246 essct.
1477 2185 1573 2242 omiss.
1594 2181 1676 2241 Cort.
1696 2182 1772 2240 Edit.

373 2293 458 2354 Paris.
480 2293 538 2352 Erl.
560 2291 628 2374 Τις.
650 2287 833 2351 coruscasset.
857 2290 917 2348 Bas.
932 2313 954 2348 ι.
969 2311 995 2348 2.
1007 2297 1033 2353 3.
1055 2289 1245 2350 omnechid.
1265 2289 1335 2348 Tur.
1352 2311 1376 2348 ι.
1397 2288 1481 2347 Bero.
1498 2309 1522 2347 ι.
1537 2306 1564 2347 a.
1580 2291 1609 2349 3.
1622 2285 1702 2346 haud
1713 2285 1774 2344 ‹lu-

371 2395 420 2456 bie
441 2407 470 2457 ct
483 2396 542 2455 Pal.
569 2406 637 2456 esset
651 2415 747 2456 conse.
769 2395 830 2453 Bas.
846 2395 874 2466 l.
890 2394 958 2454 Tur.
974 2417 999 2454 2.
1030 2397 1088 2454 dio.
1103 2395 1233 2454 litteras.-
1254 2393 1309 2452 tiu.
1325 2396 1404 2454 abest
1423 2394 1503 2452 Leid.
1515 2392 1543 2450 t.
1577 2391 1614 2470 Q.
1629 2389 1773 2450 Catullus.

372 2499 469 2559 Guoli.
486 2521 510 2558 ι.
534 2501 572 2576 Q.
592 2497 728 2559 Catullus.
749 2500 849 2558 Vinar.
867 2520 890 2557 ι.
913 2499 1100 2558 incenatum.
1130 2498 1191 2556 Bas.
1210 2521 1235 2556 ι.
1256 2499 1379 2563 Leid.u.
1407 2495 1643 2577 qums-dicebat.
1672 2497 1771 2554 omisit

369 2601 456 2663 Fabr.
468 2623 496 2663 a.
519 2604 569 2664 urb
591 2604 718 2664 nomine.
740 2603 836 2662 Gucll.
850 2607 876 2665 ὅ.
891 2625 918 2684 7.
929 2605 957 2664 8.
989 2605 1089 2682 script.
1099 2613 1139 2662 cst
1153 2628 1162 2661 e
1182 2613 1222 2662 cst
1242 2614 1335 2661 mutat
1352 2606 1450 2664 locum
1466 2605 1498 2662 iu
1512 2600 1608 2664 Guels.
1622 2601 1650 2660 (i.
1672 2599 1770 2660 deleut

369 2706 428 2768 Erl.
450 2707 519 2789 Τις.
537 2707 612 2767 Edit.
627 2709 711 2768 Paris.
732 2707 794 2766 Bas.
807 2729 834 2768 a.

451 2833 526 2916 Cup.
540 2837 589 2898 35.
609 2835 640 2896 S.
653 2835 731 2895 abest
741 2836 779 2896 ab
796 2835 909 2895 omnib.
930 2837 1011 2899 Leid.
1030 2837 1098 2895 Seu.
1113 2855 1139 2894 ι.
1160 2833 1222 2892 Bm·
1235 2857 1260 2898 ι.
1288 2837 1347 2895 inc.
1360 2855 1388 2894 ι.
1415 2834 1511 2894 Guell.
1524 2837 1591 2906 Μ.
1606 2855 1652 2895 ιι.
1682 2837 1767 2895 ilem.

367 2953 460 3023 uterq.
483 2941 570 3000 Palat.
583 2962 612 3020 9.
629 2961 673 2999 ro.
704 2941 826 2999 saltuem
841 2939 979 2998 omuibus
1001 2942 1101 2998 litteris
1126 2939 1223 2998 Gucll.
1242 2941 1350 3026 t.2.‘5.
1366 2941 1394 2999 6.
1412 2963 1440 3020 7.
1453 2944 1481 3000 8.
1493 2963 1522 3020 9.
1539 2962 1583 2999 ro.
1599 2961 1643 2998 ιι.
1665 2943 1723 3000 inc.
1739 2964 1766 2999 ι.

366 3047 435 3106 vin.
454 3056 548 3127 uterq.
569 3043 619 3103 ric.
647 3045 742 3104 Strur.
763 3041 936 3102 Fabriciani.
957 3045 1055 3103 Heuss.
1075 3045 1142 3106 Eoo.
1163 3041 1194 3102 S.
1209 3042 1246 3121 Q.
1263 3041 1330 3102 Cot.
1348 3045 1488 3127 Erl.Teg.
1513 3045 1580 3104 Tur.
1595 3066 1620 3105 ι.
1635 3066 1662 3110 a.
1683 3047 1767 3105 itaet

366 3150 615 3211 Pal.ret1utiores.
637 3147 723 3212 salut.
743 3147 816 3205 dicu
830 3149 1001 3220 Vaticanus,
1022 3152 1073 3230 qui
1091 3155 1165 3210 solas
1184 3152 1327 3209 orationes
1346 3152 1487 3210 continet.
1505 3158 1595 3228 gratu
1611 3151 1764 3210 mittimun

364 3255 432 3335 gru's
453 3256 486 3314 in
507 3253 577 3314 nasis
588 3253 678 3333 peric.
700 3251 761 3310 haec
774 3257 908 3311 omniurn
929 3255 986 3312 lere
999 3253 1095 3312 Codd.
1112 3257 1208 3314 lectio.
1229 3253 1298 3312 meis
1316 3253 1393 3313 delet
1413 3254 1497 3314 Paris.
1509 3277 1535 3314 c.
1564 3255 1597 3313 in
1623 3257 1761 3316 omissum

364 3357 460 3420 Guelf.
472 3361 501 3418 6.
528 3355 622 3436 magis
637 3357 669 3414 in
686 3355 899 3434 mugnisperr'c.
920 3357 988 3415 vin.
1003 3377 1030 3416 a.
1058 3357 1172 3436 mugnis
1189 3359 1221 3416 in
1239 3358 1353 3417 nostris.
1374 3357 1470 3418 Guett.
1489 3380 1533 3418 ιι.
1555 3358 1589 3417 in
1602 3361 1674 3420 meris
1682 3382 1760 3439 mag.

360 3461 430 3544 Τις.
451 3461 536 3526 Bern.
553 3481 579 3520 a.
599 3459 721 3519 consilio
740 3479 823 3520 nouo.
839 3459 877 3518 ita
893 3459 1009 3520 Gruter.
1022 3461 1114 3520 Wass.
1129 3473 1157 3520 et
1167 3462 1247 3520 Leid.
1269 3481 1419 3540 agnoscas.
1442 3463 1541 3522 lieuss.
1560 3463 1627 3524 Seu.
1640 3483 1667 3524 a.
1679 3466 1759 3524 blar-

361 3565 415 3625 tin.
438 3564 608 3623 udiciaria.
629 3583 691 3622 non
707 3563 785 3641 quim
806 3566 927 3644 plurimi
948 3564 1026 3622 libri.
1047 3565 1108 3623 Bas.
1124 3569 1153 3635 4.
1173 3564 1253 3623 Leid.
1264 3585 1289 3628 e.
1300 3567 1320 3622 l.
1331 3566 1430 3625 t.l.n.
1443 3587 1483 3624 m.
1511 3570 1609 3646 plures
1626 3568 1755 3630 Palatini.

359 3669 486 3732 Remi.
508 3669 662 3746 nonquin.
683 3667 779 3726 Gucll.
798 3688 823 3724 ι.
844 3667 943 3726 Vinar.
961 3688 986 3725 ι.
1014 3679 1149 3748 praterea
1164 3667 1247 3726 Fabr.
1270 3689 1294 3726 ι.
1313 3681 1341 3728 et
1361 3669 1459 3728 Guelf.
1476 3673 1503 3729 5.
1523 3693 1563 3729 m.
1575 3693 1621 3751 pr.
1648 3673 1709 3732 Bas.
1730 3697 1755 3733 1.

361 3795 390 3836 a.
403 3777 431 3838 ὅ.
453 3772 512 3831 l’al.
526 3775 552 3834 5.
566 3777 593 3833 3.
611 3793 656 3831 ta.
676 3772 757 3832 Leid.
770 3792 797 3830 a.
805 3793 830 3828 c.
839 3791 867 3852 g.
876 3772 896 3829 i.
917 3770 1001 3831 Beru.
1021 3794 1046 3831 ι.
1068 3793 1130 3832 non
1143 3775 1230 3850 qttod.
1252 3775 1331 3833 Leid.
1344 3774 1373 3832 b.
1385 3775 1415 3834 d.
1430 3774 1461 3834 b.
1474 3775 1557 3834 Bora.
1570 3797 1597 3835 a.
1617 3778 1754 3839 metina-

359 3877 485 3940 mt‘tu'bus
498 3886 633 3937 sumtum.
663 3876 761 3934 lleuss.
784 3875 851 3934 Seu.
871 3893 898 3933 a.
919 3874 1036 3935 Letum.
1050 3877 1079 3936 d.
1101 3877 1159 3936 Pal.
1175 3881 1203 3940 ὅ.
1220 3899 1265 3936 12.
1286 3877 1396 3936 Arond.
1416 3883 1475 3939 inc.
1497 3880 1557 3940 Bas.
1569 3899 1595 3939 a.
1608 3885 1637 3944 ὅ.
1656 3884 1750 3947 Suus.

356 3981 441 4046 ilem.
461 4003 485 4042 ι.
504 3981 574 4040 Τιιι.
592 4001 618 4039 2.
638 3980 722 4040 Bern.
737 4001 764 4038 a.
785 3978 881 4060 Guut.
893 3981 920 4038 6.
933 3981 962 4040 8.
971 4001 1001 4059 9.
1022 4001 1067 4040 ro.
1082 4003 1127 4039 ιι.
1143 4003 1188 4040 12.
1209 3982 1277 4041 Vin.
1291 4003 1317 4040 2.
1338 3983 1396 4041 Erl.
1418 3979 1486 4062 Τις.
1501 3991 1753 4055 ιιυιιῑιυιιωιηώ

358 4107 438 4149 nom.
459 4085 555 4145 Guelf.
567 4105 594 4164 7.
615 4081 695 4142 Leid.
706 4105 746 4142 ιιι.
767 4103 789 4142 s.
802 4103 841 4141 m.
855 4103 934 4142 nom.
955 4084 1018 4142 Bas.
1029 4086 1057 4155 l..
1078 4085 1158 4143 Leid.
1170 4106 1195 4144 c.
1215 4084 1299 4144 Bern.
1317 4107 1343 4144 ι.
1364 4107 1426 4144 non
1440 4107 1560 4164 possem.
1580 4091 1661 4153 [aid.
1677 4119 1703 4157 ρ,
1717 4099 1748 4157 d,

356 4217 383 4258 c.
398 4217 426 4281 g.
442 4195 469 4254 k.
486 4197 506 4254 l.
521 4191 552 4252 lr.
573 4191 635 4251 Bas.
649 4195 676 4254 3.
688 4191 717 4261 l.
739 4189 823 4251 Bern.
836 4209 863 4250 a.
885 4190 1056 4248 rumetum
1069 4189 1171 4250 atunr's
1190 4191 1248 4252 inc.
1269 4210 1336 4251 cum
1352 4209 1390 4252 uc
1401 4191 1512 4253 attenta.
1525 4222 1531 4232 ·
1543 4194 1605 4258 Bas.
1617 4201 1645 4260 3.
1667 4201 1747 4263 Leid.
