3850 4867
1513 342 1560 419 ²9

147 516 391 597 bliotbecarii
411 518 632 625 inamplius
654 544 717 597 sex
742 544 886 597 menses
901 533 1180 625 prorogantur,
1205 516 1246 595 id
1255 542 1410 623 qnoque
1420 543 1561 625 magno

146 655 203 714 est
222 636 508 741 impedimento,
528 636 633 741 quod
649 634 838 743 catalogos
856 638 1047 713 librorum
1072 638 1156 712 Mss.
1170 662 1219 711 ne
1234 637 1393 711 eruditis
1402 637 1561 739 quidem

146 755 334 859 inspicere
346 752 443 829 licet.
458 754 588 853 Quare
604 782 685 830 non
704 752 923 846 defuerunt,
935 754 1004 858 qui
1014 772 1220 845 censerent,
1232 754 1279 830 de
1296 755 1414 831 literis
1426 755 1562 833 melius

151 888 285 946 actum
304 870 405 961 fore,
423 870 454 945 si
483 872 760 975 proestantiores
794 870 909 947 Codd.
931 871 1082 947 Parisiis
1112 871 1235 947 relicti
1260 872 1413 948 fuerint.
1440 874 1562 949 Fran·

152 986 392 1094 cogallorum
404 986 508 1063 enim
522 988 683 1065 facilitas
704 1006 742 1064 et
754 990 911 1066 comitas
924 988 1030 1081 facit,
1053 1006 1099 1064 ut
1114 1006 1194 1064 tota·
1214 991 1315 1096 regia
1327 988 1562 1067 bibliotheca

143 1105 296 1212 publici
315 1104 411 1211 juris
436 1130 511 1181 esse
534 1106 736 1203 videatur;
759 1110 865 1213 quod
886 1110 1016 1184 Romae
1037 1106 1196 1211 quidem
1221 1123 1355 1183 contra
1377 1105 1563 1187 sehabet.

261 1380 321 1469 b.)
353 1382 425 1456 DE
451 1378 711 1456 CODICIBUS
739 1377 1101 1453 BIBLIOTHECAE
1126 1376 1447 1450 BARBERINAE.

245 1548 294 1622 In
313 1545 546 1623 bibliotheca
562 1544 697 1649 palatii
719 1544 917 1620 barberini
937 1572 1029 1620 cum
1050 1542 1165 1617 multi
1183 1543 1250 1617 alii
1271 1544 1363 1618 libri
1376 1544 1459 1620 Mss
1477 1562 1563 1622 tum

139 1662 320 1767 quinque
342 1664 496 1741 Salustii
519 1661 637 1739 Codd.
662 1677 908 1736 asservantur.
954 1662 1062 1759 Quos
1090 1677 1136 1735 ut
1163 1659 1384 1764 diligentius
1412 1680 1564 1739 excute·

139 1806 235 1869 rem,
245 1780 391 1857 factum
408 1798 463 1858 est
480 1779 608 1856 studio
622 1781 668 1855 V.
692 1778 744 1853 Cl.
763 1781 932 1869 Bunsen,
957 1781 1205 1853 Borussorum
1220 1777 1314 1881 regis
1333 1778 1470 1883 legati,
1491 1780 1561 1882 qui

139 1896 483 1975 bibliothecarium
505 1898 593 1973 satis
614 1922 807 1971 morosum
825 1912 941 2000 atque
962 1895 1156 1971 difficilem
1181 1896 1302 2001 gratia
1339 1911 1377 1969 et
1396 1896 1562 1971 auctori·

139 2030 223 2089 tate
242 2018 449 2120 permovit,
483 2032 529 2091 ut
549 2042 611 2090 me
637 2014 795 2105 diutius,
818 2042 938 2119 quam
962 2013 1094 2089 ceteris
1117 2013 1226 2103 lieet,
1260 2013 1303 2088 in
1327 2011 1561 2090 bibliotheca

138 2130 263 2207 literis
284 2160 440 2239 operam
460 2133 551 2208 dare
574 2146 778 2236 pateretur.

140 2297 234 2373 Cod.
261 2301 288 2373 l.
314 2302 462 2393 (2861)
494 2303 754 2403 Pergamenus.
780 2298 933 2375 Desinit
960 2297 1002 2373 in
1036 2297 1161 2401 eapite
1186 2324 1265 2372 nvn.
1303 2298 1489 2391 Catilinoe,
1518 2301 1561 2379 in

294 2417 431 2491 verbis:
454 2444 528 2521 qua
546 2418 602 2489 illi
620 2416 822 2491 adessemus.
847 2415 966 2490 Initio
979 2415 1139 2520 picturis
1156 2433 1322 2506 ornatus,
1336 2416 1563 2523 formaque·

296 2532 425 2622 drata,
449 2532 639 2638 scriptura
654 2530 951 2637 Langobardica.
988 2534 1048 2606 De
1062 2533 1210 2621 saeculo,
1230 2560 1307 2637 quo
1318 2534 1481 2641 scriptus
1498 2536 1565 2618 sit,

292 2646 395 2724 nihil
417 2650 511 2724 certi
530 2648 756 2724 statuerim*

229 2788 303 2869 Cep.
325 2808 351 2849 1.
381 2810 451 2849 nam
472 2792 644 2871 priusquam
667 2804 695 2849 2.
726 2785 945 2871 peregrinantes
966 2789 1105 2850 transiere
1127 2804 1158 2863 4.
1190 2791 1309 2873 incepto
1333 2792 1433 2853 studio
1463 2814 1511 2856 me
1534 2797 1563 2867 6,

137 2886 225 2948 metu
242 2888 369 2968 percussi
389 2908 418 2966 7.
438 2890 528 2948 simul
543 2895 679 2967 juventus
695 2908 729 2947 ae
747 2887 818 2947 belli
838 2890 952 2968 patiens
971 2898 1052 2963 erat,
1071 2888 1222 2949 incastris
1242 2910 1295 2969 per
1309 2890 1440 2952 laborem
1462 2903 1492 2952 et
1509 2916 1564 2956 usu

140 3006 191 3047 ιι.
220 2986 253 3046 in
272 2984 338 3047 Asia
354 2986 523 3047 ductaverat
538 3001 588 3046 υ.
610 2988 678 3046 ficta
694 2984 756 3047 haec
771 2996 800 3045 et
820 2987 879 3045 alia
897 2988 992 3044 multa
1011 2986 1061 3045 32.
1082 3006 1181 3045 secum
1201 3008 1261 3067 rpse
1283 2988 1331 3061 34.
1349 3002 1449 3070 petere
1469 2995 1563 3053 velint

137 3084 191 3146 ³5.
215 3085 284 3144 licet
299 3104 438 3165 agnoscas
459 3119 475 3129 ·
496 3104 564 3145 cum
589 3085 694 3143 alienis
710 3097 762 3161 47.
783 3082 967 3143 abdicatusa
989 3086 1158 3165 magistratu
1173 3086 1223 3147 51.
1244 3086 1334 3146 sedin
1353 3090 1474 3149 exilium
1494 3112 1565 3171 per·

137 3182 221 3241 mitti
244 3182 293 3241 52.
314 3202 413 3241 cavere
429 3182 522 3263 magis
539 3180 577 3239 ab
596 3181 655 3239 illis
674 3215 692 3228 -
710 3180 761 3241 sed
781 3181 835 3241 isto
856 3188 1060 3263 cujuscunque
1079 3183 1163 3243 modi
1186 3184 1324 3245 ridentur
1343 3221 1359 3232 -
1378 3188 1465 3246 refert
1486 3187 1562 3249 mihi

139 3280 191 3341 55.
214 3276 267 3337 ubi
286 3281 443 3359 paululum
462 3277 636 3341 ascenderis.
653 3268 662 3277 ‘

137 3430 234 3510 Cod.
252 3435 297 3507 IL
333 3429 496 3531 (2506.)
531 3433 871 3533 Membranaeeus,
896 3434 937 3509 in
969 3434 1094 3538 prima
1123 3436 1264 3541 pagina
1292 3435 1375 3513 boec
1398 3439 1563 3547 scripta:

294 3548 406 3623 Dono
432 3551 570 3624 Illusm
594 3550 748 3627 Domini
773 3550 925 3652 Georgr
950 3552 998 3626 ab
1011 3552 1182 3653 sustrru,
1209 3557 1473 3636 Muniutiliano
1487 3561 1563 3635 Im·

290 3672 478 3765 peratoris
513 3668 689 3765 Nepotis,
721 3670 856 3742 Petrus
893 3696 919 3741 α
960 3669 1133 3745 Cascellio.
1184 3672 1256 3746 Sed
1301 3672 1383 3748 hoec
1425 3704 1564 3754 manus

293 3782 484 3857 recentior
516 3782 675 3858 addidit.
719 3786 817 3859 Nam
848 3784 965 3860 codex
994 3785 1073 3889 ipse
1107 3788 1229 3863 multo
1260 3791 1458 3894 antiquior
1486 3821 1562 3877 esse

292 3896 471 3995 videtur,
495 3900 633 3977 duetus
662 3901 873 3993 literarum,
894 3902 1096 4005 aliquoties
1133 3920 1326 3999 vetustate,
1361 3909 1491 3987 deleti'
1506 3938 1561 3989 se-

297 4015 425 4091 cunda
454 4046 576 4093 manu
605 4018 769 4093 restituti
792 4034 892 4094 sunt
929 4022 978 4095 In
1003 4020 1194 4125 Jugurtha
1224 4024 1362 4101 desunt
1392 4044 1560 4132 qrratuor

241 4239 246 4249 ,
295 4132 425 4338 capitq
449 4134 611 4221 (indea
643 4162 724 4243 cap.
749 4138 808 4233 alp.
866 4162 989 4243 usque
1021 4139 1071 4214 ad
1098 4146 1154 4217 30.
1179 4144 1300 4219 mulus
1321 4151 1399 4247 ejus
1423 4150 1559 4222 oratio·

226 4270 230 4279 ·
296 4274 332 4320 m
358 4276 436 4325 us.
