3850 4867
375 334 427 427 64

374 540 465 591 tero
485 528 681 617 maxume,
703 512 769 589 sed
790 512 928 589 inertia
952 528 994 587 et
1018 510 1181 588 mollitia
1201 510 1343 602 animi,
1367 508 1468 587 alius
1492 506 1617 585 alium
1632 527 1781 607 exspec-

376 652 499 716 tantes
517 638 775 722 cunctamini,
799 637 858 713 dis
879 636 1160 713 immortalibus
1177 636 1328 725 conlisi,
1352 635 1422 739 qui
1444 632 1549 709 banc
1568 619 1778 736 rempubli-

374 764 520 840 eumin
539 764 727 839 maxumis
744 787 844 867 saepe
864 760 1046 865 periculis
1063 786 1261 837 servarem
1296 761 1384 837 Non
1401 758 1517 849 rutis,
1542 780 1668 860 neque
1687 778 1778 857 sup

373 888 499 992 pliciis
517 888 771 965 muliebribus
791 886 935 962 auxilia
951 884 1113 961 deorum
1131 902 1346 990 parantur:
1381 880 1593 989 vigilando,
1617 876 1781 985 agendo,

374 1012 472 1087 bene
491 1012 726 1089 consulendo
747 1036 927 1116 prospera
943 1010 1075 1085 omnia
1098 1010 1266 1085 cedunt:
1290 1009 1359 1085 ubi
1386 1006 1568 1083 soeouliae
1599 1020 1635 1082 te
1664 1020 1780 1106 atque

373 1137 532 1241 ignaviae
561 1136 781 1226 tradideris,
814 1134 1075 1237 nequicquam
1104 1133 1193 1209 deos
1217 1132 1418 1238 implorem
1452 1131 1541 1207 irati
1577 1128 1780 1229 infestique

370 1277 469 1334 sunt.
507 1262 622 1366 Apud
641 1262 801 1335 maiores
827 1274 975 1334 nostros
999 1261 1041 1331 A.
1058 1257 1227 1333 Manlius
1246 1259 1465 1351 Torquatus
1495 1252 1598 1330 bello
1625 1252 1777 1328 Gallico

371 1382 498 1459 filium
524 1410 659 1474 suum,
696 1384 802 1487 quod
830 1383 1016 1463 isoontra
1049 1382 1254 1486 imperium
1286 1381 1329 1458 in
1358 1378 1506 1457 hostem
1526 1391 1779 1486 pugnaverat,

371 1510 498 1583 necari
521 1509 652 1594 iussit,
678 1526 794 1611 atque
821 1506 888 1582 ille
910 1503 1079 1611 egregius
1099 1504 1319 1582 adulescens
1336 1500 1776 1581 immoderatae-sortitu·

370 1631 471 1706 dinis
498 1648 622 1708 morte
649 1658 783 1736 poenas
811 1630 926 1706 dedit
968 1632 1045 1705 Vos
1066 1629 1115 1705 de
1137 1630 1418 1707 crudelissumis
1448 1627 1649 1735 parricidis
1677 1624 1776 1729 quid

368 1757 558 1848 statuatis,
592 1756 854 1833 ctmctaminil
897 1752 1088 1831 Videlicet
1111 1754 1188 1829 rita
1212 1770 1335 1829 eetera
1362 1780 1497 1829 eorum
1522 1752 1617 1829 huic
1644 1750 1777 1829 sceleri

369 1881 501 1956 obstat
534 1884 681 1957 Verum
699 1880 844 1985 parcite
865 1876 1044 1983 dignitati
1067 1877 1242 1969 lentuli,
1274 1877 1305 1953 si
1332 1877 1412 1982 ipse
1434 1877 1646 1983 pudicitiae,
1669 1876 1701 1952 si
1717 1876 1776 1951 fa-

368 2030 441 2079 mae
460 2029 555 2095 suae,
579 2004 610 2079 si
634 2004 693 2080 dis
715 2019 785 2078 ant
802 2001 1027 2077 hominibus
1054 2029 1241 2105 umquam
1270 2000 1360 2077 ullis
1376 2001 1568 2107 pepercit:
1595 2000 1777 2105 ignoscite

369 2128 523 2234 Cethegi
543 2127 809 2203 adnleseentia
819 2160 829 2220 ;
853 2127 926 2201 nisi
946 2126 1086 2203 iterum
1103 2130 1238 2231 patriae
1257 2125 1404 2203 bellum
1427 2126 1525 2203 iecit.
1564 2126 1661 2201 Nam
1675 2122 1774 2227 quid

367 2278 435 2358 ego
456 2253 505 2327 de
522 2252 710 2340 Gabinio,
741 2250 914 2341 Statilio,
948 2251 1124 2356 Coepario
1158 2250 1322 2353 loquar?
1347 2251 1490 2355 quibus
1509 2251 1540 2325 si
1561 2250 1772 2353 quicquam

366 2379 552 2479 umquam
568 2376 676 2479 pensi
698 2374 844 2465 fuisset,
869 2402 952 2449 non
977 2401 1022 2450 ea
1053 2374 1211 2450 consilia
1241 2374 1290 2451 de
1311 2375 1508 2479 republica
1540 2372 1771 2449 habuissent

368 2504 580 2587 Postremo,
604 2502 730 2572 Patres
750 2498 976 2602 conscripti,
1000 2497 1031 2575 si
1051 2497 1269 2575 mehercule
1284 2515 1438 2604 peccato
1460 2499 1564 2577 locus
1579 2514 1687 2589 esset,
1713 2496 1770 2573 sa·

365 2623 437 2698 cile
457 2638 623 2726 paterer,
651 2647 714 2696 vos
739 2620 820 2725 ipsa
840 2648 882 2697 re
905 2622 1060 2729 corrigi,
1078 2621 1263 2726 quoniam
1282 2622 1397 2699 verba
1421 2622 1682 2716 contemnitis,
1703 2622 1771 2697 sed

364 2850 499 2918 lectione,
510 2846 595 2906 Bern.
607 2844 636 2917 l.
657 2854 744 2924 alque
758 2845 848 2905 etum
862 2856 1003 2907 armatos.
1024 2847 1113 2907 etiem
1130 2848 1215 2906 omis.
1229 2845 1376 2910 Commel.
1402 2844 1489 2905 Palat.
1507 2866 1532 2904 ι.
1545 2865 1574 2905 ι.
1593 2844 1689 2906 Strur.
1708 2844 1769 2904 l'a-

362 2953 435 3014 bric.
450 2963 544 3032 uterq.
565 2952 632 3011 Ecc.
652 2948 749 3010 Guell.
768 2950 833 3011 ι.3.
850 2952 879 3010 5.
899 2951 969 3034 Teg.
989 2970 1027 3011 ne
1046 2950 1101 3011 ista
1116 2950 1196 3012 vobis
1207 2970 1302 3011 maru.
1327 2949 1435 3024 timeo,
1455 2970 1574 3021 vereor,
1597 2958 1693 3009 ccede
1709 2950 1768 3009 ad-

362 3059 438 3120 dunt
453 3057 514 3117 Bu.
526 3076 553 3117 ι.
566 3060 594 3119 3.
614 3055 710 3117 Struv.
731 3054 867 3138 Gueli.7.
878 3056 908 3117 8.
923 3077 970 3116 ιι.
991 3058 1094 3121 ineert.
1110 3077 1135 3116 ι.
1156 3054 1253 3116 Guell.
1269 3078 1298 3138 9.
1311 3056 1340 3120 6.
1354 3064 1456 3117 venet.
1471 3074 1547 3115 unus
1561 3054 1647 3115 llirii.
1668 3064 1766 3114 vertat

297 3198 301 3205 ,
360 3165 457 3225 Guell.
475 3164 503 3223 5.
532 3170 667 3222 vertatur
681 3164 728 3220 rel
743 3170 934 3222 convertatur
950 3163 1048 3222 ceteri.
1076 3170 1315 3222 commoturus
1327 3160 1440 3222 Wassii.
1461 3158 1522 3219 Bas
1539 3158 1569 3220 ὅ.
1590 3158 1674 3220 bern.
1692 3159 1721 3219 3.
1735 3161 1765 3231 Δ.

360 3290 404 3329 res
415 3288 518 3349 aspera
536 3276 576 3327 ιιι
596 3265 667 3325 Feb.
679 3286 706 3325 ι.
726 3268 774 3327 dis
788 3266 856 3327 Vin.
873 3286 901 3327 2.
914 3265 986 3327 Fab.
1002 3288 1027 3325 1.
1049 3267 1136 3327 lleus.
1156 3269 1223 3327 Sen.
1241 3288 1268 3327 2.
1289 3266 1374 3327 Bern.
1388 3267 1417 3338 d.
1435 3286 1574 3347 prepara
1587 3270 1674 3349 longe
1682 3268 1763 3347 plur.

359 3375 437 3434 libri.
457 3371 619 3433 tradideris
637 3372 722 3430 omis.
747 3370 846 3431 Guell.
870 3374 898 3432 5.
928 3380 957 3431 te
980 3392 1041 3431 om.
1057 3372 1148 3433 Guels
1160 3373 1190 3437 6.
1219 3371 1281 3431 Bas.
1300 3392 1327 3431 ι.
1348 3380 1403 3431 telo
1418 3392 1520 3431 omnes
1535 3370 1616 3436 leid.
1640 3373 1711 3449 (exc.
1732 3372 1761 3432 k.

358 3482 408 3558 qui
424 3499 510 3559 pron.
522 3475 641 3553 omisit.)
670 3484 698 3534 te
712 3496 814 3535 omnes
828 3475 922 3537 Cortii
934 3476 1002 3538 libr.
1020 3498 1118 3557 gravis
1129 3498 1232 3557 poenas
1250 3478 1342 3538 dedit.
1363 3477 1460 3537 Guell.
1472 3476 1501 3541 3.
1513 3474 1550 3535 A.
1563 3476 1659 3537 Monl.
1672 3476 1762 3557 Tor-q.

358 3601 461 3642 omnes
476 3582 534 3641 scre
551 3578 629 3639 libri.
651 3578 683 3637 Τ.
702 3579 799 3639 Guell.
816 3602 861 3640 ιι.
888 3600 1019 3661 utquam
1042 3581 1109 3641 ullis
1127 3604 1188 3640 om.
1216 3582 1314 3643 Guell.
1331 3583 1361 3643 5.
1396 3582 1462 3659 ullis
1478 3580 1595 3662 quidem
1615 3582 1711 3647 Guell.
1730 3584 1761 3644 6.
1821 3656 1823 3661 ‚

357 3686 458 3746 lleuss.
478 3704 607 3762 ιιηᾳῑιαιη
625 3683 702 3743 delet
718 3684 800 3743 leid.
817 3684 848 3743 b.
868 3685 935 3747 ullis
949 3686 1156 3753 om.,.llarl.r.
1169 3685 1232 3745 Bas.
1246 3686 1275 3749 3.
1297 3708 1337 3745 m.
1350 3678 1405 3747 sec.
1426 3686 1551 3747 alterum
1569 3688 1631 3747 iem
1649 3690 1760 3769 putn'ce

355 3792 425 3852 vin.
442 3810 469 3848 2.
490 3789 557 3850 Ecc.
579 3788 678 3848 Guell.
691 3788 720 3848 3.
739 3791 766 3850 5.
788 3790 872 3849 Paris.
882 3790 912 3854 d.
931 3790 1013 3851 leid.
1027 3813 1053 3851 e.
1071 3812 1150 3850 unus
1158 3791 1248 3852 ilirii.
1268 3792 1344 3851 Tur.
1362 3813 1386 3851 ι.
1407 3814 1447 3873 qr.
1459 3812 1515 3854 tec.
1540 3792 1646 3853 iterum
1661 3796 1760 3855 ceteri.

354 3897 417 3956 iem
430 3896 516 3957 omis.
535 3893 596 3953 Bas.
613 3914 638 3951 ι.
652 3913 679 3952 ι.
699 3893 811 3955 Fabric.
826 3897 938 3958 inserti.
958 3894 1062 3957 Franc.
1083 3900 1179 3977 plures
1192 3896 1313 3968 Wassii,
1334 3897 1430 3957 Senat.
1447 3918 1477 3957 ι.
1499 3896 1596 3959 Guell.
1615 3919 1643 3960 ι.
1659 3899 1689 3970 l.
1708 3922 1758 3961 ιι.

355 4002 440 4061 Paris.
451 3999 481 4057 b.
494 4020 520 4058 e.
532 3998 616 4076 facit
628 3993 730 4072 Gueli.
741 3999 769 4059 6.
801 3997 903 4061 intulit
916 4005 1013 4082 plures
1028 4002 1104 4063 ilirii
1118 4013 1146 4062 et
1164 4002 1266 4063 ll‘aasii
1281 4001 1358 4066 libri.
1389 4011 1475 4081 atque
1488 4004 1629 4065 hominib.
1650 4004 1712 4066 Bas.
1728 4028 1755 4073 ι.

353 4126 493 4185 amttam
507 4124 588 4185 pens.
607 4104 669 4169 Bas.
689 4126 714 4163 ι.
731 4125 759 4170 ι.
789 4106 902 4167 Fabric.
916 4128 941 4165 ι.
962 4104 1064 4165 Vinar.
1077 4128 1104 4167 2.
1131 4108 1227 4167 Senot.
1247 4128 1274 4167 2.
1304 4106 1400 4168 Guell.
1417 4109 1443 4167 5.
1465 4130 1603 4189 umqrram
1619 4130 1680 4172 om.
1701 4110 1755 4174 bc.

353 4212 420 4279 Ecc.
443 4213 500 4271 ine.
516 4231 541 4269 ι.
563 4209 659 4270 Guelf.
674 4231 699 4269 ι.
715 4212 744 4281 d.
756 4211 786 4276 6.
801 4231 848 4273 ιι.
860 4211 963 4295 ‚vebo
980 4230 1044 4273 ntea
1064 4212 1132 4273 Vin.
1146 4232 1172 4273 ι.
1201 4214 1304 4275 incerti
1328 4212 1424 4275 Guell.
1435 4237 1466 4299 7.
1482 4234 1528 4277 ιι.
1549 4236 1652 4277 omnes
1667 4216 1751 4283 Leid.
