3850 4867
396 328 469 381 ane
522 361 525 375 .

397 508 465 561 nes
486 483 556 589 qui
576 484 723 563 oiroum
750 496 860 576 aunt,
889 480 1121 589 preminent
1148 477 1395 557 altitudinem
1415 473 1586 551 millium
1605 472 1795 595 ’ΜΨ

398 606 575 685 duorum
591 654 643 673 -
668 614 725 704 54.
742 608 767 663 *
783 620 823 685 et
837 606 954 683 Poeni
971 606 1105 685 ierunt
1123 604 1298 683 adversus
1311 630 1344 680 a.
1366 630 1404 677 n.
1425 628 1456 677 o
1476 627 1526 674 m
1539 644 1590 661 -
1615 588 1670 667 55·
1689 584 1795 681 Q¹¹¹²

399 758 559 837 oorpors
584 746 625 811 et
643 730 776 839 lingua
801 731 993 837 pemitum
1022 748 1061 807 et
1084 729 1296 835 inquietem
1328 727 1485 803 nomine
1512 706 1795 797 histrioniam

399 856 483 931 sani
516 856 763 933 Burbuleium
790 854 1018 959 adpellabat
1043 904 1096 925 -
1130 856 1187 931 56.
1212 852 1501 931 Audacter...
1526 853 1584 945 37.
1612 838 1675 919 lbi
1696 831 1798 909 Fim-

390 978 535 1081 briana
552 978 760 1071 seditione,
780 978 850 1083 qui
869 980 948 1083 regi
973 1005 1043 1083 per
1066 976 1308 1083 obsequelam
1341 972 1522 1051 orationis
1552 985 1592 1047 et
1619 978 1799 1041 maxume

400 1102 534 1179 odium
550 1103 666 1180 salle
680 1160 691 1195 ,
704 1126 833 1209 graves
848 1102 1006 1207 entique
1019 1117 1138 1179 erant
1161 1150 1213 1167 -
1238 1106 1295 1177 38.
1320 1099 1514 1175 Moenibus
1533 1091 1728 1171 deturbat.
1750 1128 1798 1145 -

399 1230 456 1324 59.
480 1216 650 1303 Emuria
673 1252 785 1303 onnes
800 1226 936 1331 spartis
955 1225 1216 1303 demittebant
1240 1270 1293 1291 -
1314 1233 1374 1319 4ο.
1398 1222 1459 1299 Ad
1483 1219 1558 1295 boc
1579 1210 1801 1293 rumoribus

397 1350 553 1428 advorsa
570 1352 613 1427 in
631 1351 879 1455 pravitatem,
901 1348 1068 1426 secunda
1087 1349 1132 1425 in
1151 1374 1297 1438 meum,
1316 1346 1515 1423 fortunam
1539 1342 1582 1419 in
1610 1334 1800 1416 temeriu-

398 1488 476 1550 tem
495 1474 747 1565 deolinando,
764 1474 1132 1579 corrumpebant-
1159 1480 1218 1569 4ι.
1243 1476 1294 1547 At
1312 1471 1488 1547 Metellus
1513 1468 1556 1544 in
1574 1462 1796 1542 ulteriorem

395 1598 623 1704 Hispaniam
635 1614 721 1703 post
737 1626 888 1675 anuum
900 1622 1098 1704 regressus,
1114 1623 1253 1702 magna
1263 1594 1384 1701 gloria
1396 1587 1717 1670 concurrentium
1726 1610 1799 1659 un·

397 1720 516 1825 dique
529 1723 638 1799 virile
646 1738 686 1799 et
702 1724 890 1800 muliebre
903 1748 1029 1815 secus,
1046 1747 1117 1826 per
1127 1722 1206 1799 vias
1219 1747 1264 1797 ao
1279 1735 1376 1797 tecta
1394 1718 1572 1794 omnium
1584 1714 1799 1795 visebatur,

396 1867 520 1949 quum
554 1862 720 1953 qaaestor
756 1849 794 1923 G
820 1848 991 1959 Urbinus
1011 1845 1176 1952 aliique,
1199 1846 1353 1954 cognita
1384 1844 1602 1932 voluntate,
1626 1864 1721 1916 eum
1751 1829 1796 1907 ad

395 1994 547 2047 mem
571 1970 826 2047 invitaverant
832 2003 843 2065 3
866 1970 971 2047 ultra
996 1972 1260 2048 Romanorum
1284 1987 1325 2047 et
1342 1966 1566 2045 mortalium
1586 1964 1708 2043 etiam
1722 1984 1798 2034 mo-

395 2094 696 2185 remonrabant,
720 2094 910 2170 exornatis
928 2096 1074 2173 edibus
1090 2123 1161 2202 per
1184 2096 1305 2172 aulaea
1328 2110 1367 2170 et
1397 2090 1580 2199 iusignia,
1603 2087 1795 2189 soenisque

395 2216 447 2295 ad
461 2218 754 2329 detentationem
769 2214 1003 2296 histrionum
1021 2218 1215 2297 fabricatis
1223 2254 1233 2315 ;
1249 2218 1364 2297 simul
1376 2244 1488 2294 orooo
1503 2240 1631 2320 mama
1647 2213 1792 2294 humus

393 2341 535 2439 etalio
575 2341 619 2419 in
642 2341 802 2421 modum
830 2342 962 2447 templi
984 2343 1242 2422 oelebemumi.
1291 2346 1473 2420 Praetenea
1503 2365 1627 2444 quum
1651 2331 1791 2415 sedenti

393 2482 598 2543 unumne
623 2466 827 2542 demissum
841 2466 1023 2545 Victoriae
1039 2468 1288 2545 simulacrum
1308 2494 1398 2545 oum
1415 2463 1637 2543 maobiuato
1663 2457 1790 2563 strepi·

398 2604 443 2667 tu
478 2590 695 2666 tonitruum
733 2615 915 2668 coronam
944 2592 1063 2696 capiti
1095 2592 1338 2698 imponebat,
1372 2608 1458 2668 tum
1486 2588 1656 2666 venienti
1687 2583 1795 2661 thum

395 2712 504 2816 quasi
521 2714 604 2790 Deo
620 2712 920 2820 supplicabatur.
969 2716 1072 2821 Toga
1091 2715 1195 2819 pieta
1214 2717 1443 2821 plenumque
1465 2714 1633 2791 amiculo
1659 2724 1742 2789 erat
1759 2704 1789 2781 ei

395 2833 668 2914 adoumbenti:
693 2839 817 2943 epulae
836 2838 1135 2943 quesitissumoe,
1171 2864 1298 2943 neque
1313 2865 1383 2943 per
1402 2866 1557 2915 omnem
1576 2835 1695 2915 modo
1711 2856 1788 2940 pro·

266 2950 269 2959 ’
390 2960 578 3053 vinciam,
601 2962 666 3039 sed
685 2979 791 3039 tram
811 2964 931 3039 maria
956 2992 1004 3040 ex
1018 2962 1253 3039 Mauritania
1269 2965 1469 3041 volucrum
1487 2980 1526 3041 et
1547 2962 1717 3041 seranum
1737 2958 1788 3033 in·

393 3087 544 3193 cognita
571 3102 683 3163 antea
714 3085 828 3191 plura
855 3114 992 3195 genera
1022 3120 1031 3162 ι
1069 3086 1211 3193 quibus
1238 3087 1350 3163 rebus
1384 3087 1626 3191 aliquantam
1652 3101 1787 3193 partem

389 3290 424 3367 3,
444 3312 490 3374 ¹9·
511 3324 553 3342 -
573 3291 623 3353 55.
637 3292 681 3354 Pr.
698 3293 736 3367 6,
756 3312 809 3368 ιι,
824 3292 892 3353 456.
912 3290 1304 3373 burbulegdunodpellebm
1321 3294 1429 3375 optimi
1442 3290 1521 3354 libri.
1541 3325 1584 3343 -
1611 3292 1661 3356 36.
1681 3292 1723 3353 Pr.
1737 3288 1786 3358 ¹59

388 3396 426 3472 4,
440 3398 510 3464 625.-
530 3430 572 3447 -
594 3402 642 3480 57.
663 3394 881 3471 Non.s,151.
902 3429 944 3447 -
964 3399 1014 3461 58.
1034 3397 1077 3459 id.
1090 3416 1125 3472 a,
1150 3401 1218 3464 ass.
1240 3431 1283 3448 -
1310 3398 1360 3481 39.
1379 3418 1435 3481 pro
1453 3416 1542 3459 oeae
1561 3397 1639 3461 cives
1655 3410 1777 3461 oorrett·

386 3510 468 3559 runt.
484 3531 527 3549 -
545 3500 683 3573 Aulion.
698 3500 733 3576 4,
753 3500 822 3573 dod.
835 3534 877 3552 -
897 3502 946 3574 4ι.
967 3502 1248 3580 Macrobdatund,
1269 3502 1316 3565 ιδ.
1335 3523 1393 3585 pro
1408 3504 1650 3567 oonatmnttbtu
1662 3500 1776 3580 uuds'qtt

384 3602 520 3665 muliebri
537 3614 565 3665 et
585 3605 669 3665 uirili
691 3624 762 3667 sonu
783 3607 865 3689 qnod
890 3616 933 3668 est
949 3608 1032 3689 apud
1048 3608 1231 3672 ldaerobium
1246 3608 1325 3671 Non.
1338 3608 1373 3684 3,
1393 3608 1459 3689 ¹93·
1482 3606 1594 3672 habeta
1615 3622 1778 3673 nouom·

383 3709 459 3771 tisun
471 3708 602 3790 unda'que
616 3710 756 3773 muliebre
768 3722 796 3773 et
813 3712 900 3778 virile
918 3732 1021 3785 emt,
1043 3714 1095 3776 ted
1106 3734 1186 3777 teau
1198 3713 1287 3776 babet
1300 3712 1413 3775 Cbario.
1426 3735 1459 3796 p.
1469 3714 1520 3775 61.
1540 3716 1622 3798 quod
1639 3718 1721 3779 unioo
1734 3728 1776 3773 rt·

383 3834 461 3876 rom.
476 3822 639 3876 iratumne
653 3813 812 3898 -imp.ap.
830 3817 909 3885 Serv.
924 3820 961 3893 5,
972 3820 1048 3893 486,
1069 3820 1123 3881 eir.
1139 3820 1226 3880 etiam
1240 3819 1319 3886 Non.
1333 3838 1369 3895 a,
1383 3820 1460 3901 ⁸⁵9³
1481 3821 1520 3896 4,
1544 3822 1610 3886 155.
1631 3842 1686 3903 pro
1703 3807 1776 3897 oapi?

382 3920 464 4001 apud
479 3918 663 3981 Macrobimn
684 3919 741 3981 tuit
756 3920 793 3997 ei.
812 3952 854 3969 -
883 3922 934 3993 da.
955 3935 1101 4005 nutritque
1116 3924 1283 3987 emendavit
1300 3924 1432 3987 Coleroa.
1455 3926 1545 3988 retina
1570 3936 1614 3988 eat
1640 3927 1728 3988 leutio.
1744 3948 1775 3968 ··

379 4024 430 4099 45.
450 4024 641 4087 Nonum.
658 4026 710 4103 td,
736 4046 834 4088 ro.-

381 4131 430 4205 44.
450 4130 529 4193 Non.
548 4128 584 4205 4,
597 4128 667 4203 dia.
686 4132 852 4213 iterumque
866 4132 919 4207 td,
932 4132 963 4199 6.
983 4130 1035 4194 nbi
1051 4133 1124 4195 uuo
1144 4130 1318 4197 oridtitu'rnit
1339 4135 1447 4218 legitor
1470 4144 1500 4195 et
1520 4132 1583 4198 beo
1601 4156 1635 4197 ex
1655 4134 1727 4197 tertio
1742 4126 1771 4186 ii·

379 4238 435 4300 bro
467 4230 639 4401 Qatnu.
664 4266 707 4288 -·
725 4234 774 4309 45.
793 4234 871 4297 unu
893 4234 932 4299 td
955 4234 1048 4299 enar.
1065 4258 1083 4301 a
1097 4279 1110 4316 ‚
1135 4260 1170 4317 ι,
1186 4260 1233 4304 to.
1252 4240 1316 4305 tino
1334 4238 1405 4302 libri
1425 4260 1560 4305 numero.
1579 4274 1623 4293 -
1648 4242 1694 4316 46.
1710 4234 1769 4299 litt·
