3850 4867
371 365 395 436 8

345 563 481 625 ssuma
500 564 545 616 ac
558 541 858 650 flagitiosissuma
881 541 980 619 sacta
997 544 1065 636 sit,
1089 543 1274 622 disserere.
1313 545 1455 622 Urbem
1467 547 1641 637 Romam,
1657 545 1771 622 sicuti

369 691 440 772 ego
466 668 612 773 accepi,
638 668 842 744 condidere
871 684 987 770 atque
1009 667 1178 746 habuere
1206 669 1319 744 initio
1330 670 1509 762 Troiani,
1543 669 1611 772 qui
1644 673 1771 746 Aenea

372 791 471 867 duce
483 849 495 890 ,
519 792 691 897 profugi,
715 791 865 868 sedibus
888 791 1040 868 incertis
1059 794 1323 899 vagabantur:
1355 819 1521 896 cumque
1547 792 1608 868 his
1634 794 1771 870 Abori·

371 915 498 1020 gines,
521 941 638 1020 genus
659 914 864 992 hominum
885 932 1042 1021 agreste,
1059 917 1141 991 sine
1162 915 1328 1020 legibus,
1357 917 1439 992 sine
1468 916 1644 1020 imperio,
1678 919 1772 994 libe-

371 1065 461 1114 rum
484 1055 600 1142 atque
623 1040 800 1116 solutum.
836 1041 888 1115 Hi
912 1056 1116 1144 postquam
1132 1039 1172 1118 in
1197 1066 1276 1113 una
1292 1041 1436 1114 moenia
1460 1066 1679 1132 convenere,
1697 1043 1773 1117 dis-

371 1164 456 1270 pari
482 1191 637 1269 genere,
674 1165 848 1240 dissimili
871 1164 1019 1268 lingua,
1044 1163 1142 1236 alius
1163 1162 1240 1237 alio
1262 1189 1367 1238 more
1392 1163 1582 1240 virentes:
1608 1165 1772 1240 incredi-

372 1289 449 1363 bile
466 1305 678 1363 memoratu
698 1304 766 1380 est,
792 1315 910 1390 quam
925 1287 1038 1361 facile
1057 1285 1279 1361 coaluerint
1318 1285 1391 1360 Sed
1414 1306 1617 1390 postquam
1633 1315 1691 1364 res
1709 1317 1773 1366 co-

371 1441 460 1488 rum
495 1413 655 1502 civibus,
689 1413 876 1500 moribus,
902 1408 1000 1514 agris
1024 1425 1154 1496 aucta,
1188 1408 1276 1482 satis
1301 1435 1478 1514 prospera
1501 1411 1666 1514 satisque
1688 1415 1775 1518 pol-

371 1535 453 1610 lens
474 1535 675 1610 videbatur
682 1569 693 1631 3
715 1535 840 1630 sicutiu
858 1533 1041 1638 pleraque
1069 1531 1293 1608 mortalium
1321 1531 1537 1624 habentur,
1563 1535 1707 1611 invidia
1725 1564 1775 1613 ex

372 1660 569 1765 opulentia
588 1679 671 1734 orta
691 1677 753 1735 est.
804 1659 925 1762 Igitur
945 1681 1046 1760 reges
1065 1655 1278 1760 populique
1301 1655 1470 1732 finitumi
1487 1657 1589 1734 bello
1614 1674 1774 1765 tempta-

372 1812 435 1860 re:
461 1785 574 1890 pauci
600 1811 645 1860 ex
666 1783 796 1858 amicis
816 1780 960 1856 auxilio
989 1806 1078 1869 esse,
1104 1807 1196 1858 nam
1215 1781 1327 1854 ceteri
1346 1798 1453 1855 metu
1473 1782 1637 1884 perculsi
1661 1811 1684 1857 a
1707 1811 1774 1888 pe·

373 1911 504 1986 riculis
528 1909 698 1984 aberant
747 1911 797 1982 lt
824 1903 987 1982 Romani
1022 1901 1127 1984 domi
1155 1903 1377 2006 militiaeque
1404 1904 1544 1980 intenti
1569 1905 1774 2000 festinare,

373 2063 529 2142 parare,
560 2034 658 2108 alius
691 2030 812 2106 alium
845 2027 1011 2113 hortari,
1044 2027 1216 2104 hostibus
1250 2027 1402 2110 obviam
1431 2027 1502 2116 ire,
1541 2028 1775 2122 libertatem,

374 2161 558 2266 patriam,
583 2173 833 2263 parentesque
851 2153 966 2257 armis
986 2170 1115 2260 tegere.
1141 2157 1245 2240 Post,
1268 2151 1336 2224 ubi
1349 2150 1519 2254 pericula
1531 2151 1673 2228 virtute
1684 2181 1775 2258 pro·

375 2287 573 2390 pulerant,
597 2282 706 2356 sociis
723 2296 839 2382 atque
858 2277 989 2351 amicis
1006 2277 1149 2354 auxilia
1167 2274 1393 2379 portabant:
1419 2272 1612 2379 magisque
1624 2276 1776 2370 dandis,

328 2409 330 2412 ’
376 2379 494 2512 quain
517 2405 754 2511 accipiundis
779 2400 972 2478 beneficiis
994 2401 1180 2480 amicitias
1207 2399 1404 2502 parabant
1452 2399 1662 2502 Imperium
1684 2401 1777 2507 legi.

377 2548 548 2622 tumum,
581 2557 722 2612 nomen
758 2525 909 2634 imperii
936 2527 1083 2631 regium
1106 2523 1326 2603 habebant:
1352 2520 1505 2612 delecti,
1532 2523 1672 2626 quibus
1692 2551 1777 2609 cor-

377 2777 405 2836 7.
421 2756 450 2819 8.
478 2775 522 2818 10.
543 2775 587 2817 ιι.
611 2773 655 2828 ia.
692 2753 832 2819 Leidm.
855 2775 887 2821 u.
911 2753 1063 2838 Augustin.
1097 2749 1290 2817 civ.'nei.2.
1312 2750 1358 2810 18.
1378 2759 1407 2809 et
1428 2769 1476 2812 21.
1501 2751 1589 2810 etiam
1611 2749 1779 2816 Puncta

376 2869 495 2939 ruscrpt.
517 2859 587 2917 addi
605 2858 708 2923 voluit.
727 2859 928 2938 pulcherima
948 2870 1036 2938 atquc
1056 2855 1175 2938 optimo.
1197 2855 1281 2920 Paris.
1295 2877 1320 2920 e.
1334 2855 1418 2918 Bern.
1437 2875 1462 2920 r.
1482 2855 1551 2920 Tur.
1570 2875 1598 2920 2.
1615 2853 1694 2918 banc
1712 2860 1778 2920 lco-

376 2965 450 3024 tion.
464 2985 581 3045 quoque
598 2973 716 3044 mscrpt.
737 2963 873 3024 Escurial.
889 2965 1022 3026 exhibere
1037 2963 1185 3026 videntur.
1202 2961 1325 3040 pessima
1338 2958 1617 3039 etflagitiosissima.
1631 2961 1693 3028 Bos.
1710 2983 1738 3030 1.

441 3090 515 3174 Cap.
530 3093 558 3157 6.
579 3093 662 3157 sieut.
673 3093 732 3157 Erl.
755 3092 823 3174 Teg.
838 3093 934 3158 Turic.
954 3115 981 3160 r.
1002 3093 1036 3152 in
1052 3091 1147 3156 initio.
1161 3089 1241 3154 Leid.
1259 3112 1300 3155 m.
1319 3089 1350 3154 b.
1363 3089 1386 3153 l.
1398 3086 1430 3153 b.
1443 3088 1505 3154 bas.
1521 3089 1550 3160 l.
1564 3091 1642 3157 Serv.
1656 3091 1729 3158 Aen.
1748 3117 1778 3176 7.

378 3201 427 3271 48.
446 3209 474 3259 ct
496 3200 536 3260 ita
554 3199 716 3278 saepissime
737 3200 783 3258 rel
805 3200 913 3279 optimi
938 3199 1036 3262 Codd.
1057 3195 1176 3256 intend
1190 3196 1311 3258 sedibus.
1330 3193 1410 3258 Laid.
1427 3215 1468 3258 m.
1484 3193 1623 3260 Aroudcl.
1640 3196 1673 3260 t.
1691 3197 1725 3264 L,
1747 3198 1779 3266 ὅ,

378 3305 463 3370 Bern.
485 3325 510 3369 1.
531 3323 559 3367 2.
580 3301 732 3384 Augustis.
745 3302 780 3368 C.
792 3303 829 3367 D.
846 3303 874 3368 3.
893 3327 921 3388 7.
942 3324 1011 3364 cum
1027 3302 1073 3362 bis
1086 3301 1166 3366 Laid.
1179 3299 1209 3365 b.
1225 3304 1246 3366 l.
1267 3300 1342 3360 alicu
1354 3299 1423 3363 olio.
1436 3299 1517 3363 Leid.
1533 3300 1563 3364 d.
1573 3321 1602 3383 g.
1620 3301 1734 3369 Fabric.
1750 3327 1779 3371 r.

378 3407 462 3472 llem.
479 3431 507 3473 2.
524 3410 591 3472 Sen.
610 3429 637 3472 a.
655 3407 716 3472 Bas.
733 3429 758 3480 1,
777 3429 818 3473 m.
833 3430 888 3474 sec.
904 3409 1004 3472 llcuss.
1022 3407 1123 3472 Vinar.
1138 3417 1233 3486 uterq.
1249 3397 1346 3469 Guils.
1366 3425 1391 3468 1.
1403 3424 1431 3468 a.
1448 3405 1476 3468 5.
1495 3404 1564 3487 Τις.
1578 3406 1663 3472 Mart
1676 3406 1779 3476 Pemb.

376 3522 442 3592 post
461 3513 633 3576 coaluerint.
649 3512 729 3577 Leid.
746 3513 814 3596 dg.
827 3515 927 3578 Vinar.
943 3533 973 3577 a.
988 3523 1017 3573 et
1030 3513 1108 3578 Edit.
1125 3522 1182 3576 ret.
1206 3510 1318 3571 Cortii:
1339 3510 1379 3568 ita
1398 3508 1479 3570 brevi
1498 3511 1659 3574 multitudo
1679 3513 1781 3577 diver·

378 3637 409 3676 aa
425 3627 511 3697 atquc
528 3639 599 3700 vaga
620 3617 776 3677 concordia
803 3620 901 3679 civitas
925 3620 1000 3678 sacta
1025 3628 1094 3681 erat.
1113 3637 1169 3700 pro
1194 3624 1269 3680 crat.
1294 3615 1373 3679 Leid.
1392 3636 1421 3697 g.
1444 3625 1494 3680 est.
1524 3615 1632 3696 legibus
1652 3618 1784 3682 mantus

379 3721 461 3802 agris
473 3732 571 3786 aucta.
585 3720 704 3804 August.
724 3722 759 3787 C.
774 3721 812 3787 D.
832 3723 861 3788 3.
884 3743 929 3788 ro.
939 3722 1085 3800 finitumi.
1098 3721 1160 3786 bas.
1180 3721 1210 3786 3.
1229 3721 1302 3780 bello
1322 3718 1386 3780 illos
1407 3728 1556 3801 temptare.
1574 3721 1654 3786 Laid.
1670 3743 1712 3788 m.
1733 3743 1784 3789 sos

380 3835 503 3891 tentare.
516 3825 635 3908 August.
647 3825 766 3900 c.1)‚5.
785 3848 830 3892 ιο.
851 3827 970 3910 te'ptare.
984 3828 1046 3893 Bas.
1061 3849 1087 3892 1.
1100 3825 1197 3890 Turio.
1212 3847 1237 3885 1.
1247 3824 1322 3884 Bern
1340 3845 1365 3890 ι.
1380 3824 1408 3889 3.
1423 3825 1509 3905 longe
1518 3825 1651 3892 aberam
1660 3825 1783 3914 August,

382 3931 418 3996 C.
432 3932 471 3996 D.
491 3931 520 3997 3.
539 3953 585 3996 io.
617 3930 833 3994 adversantibus
854 3932 995 3992 omnihus
1017 3931 1114 3998 Codd.
1140 3930 1276 4012 perudsi.
1301 3949 1404 3990 omnes
1421 3929 1502 3989 Leid.
1518 3931 1539 3990 f.
1557 3941 1587 3991 et
1599 3952 1628 4014 g.
1645 3937 1782 4016 exceptis.

384 4037 445 4096 Bas.
466 4057 491 4102 ι.
507 4056 535 4102 2.
551 4034 619 4119 Teg.
634 4037 693 4101 Erl.
711 4035 780 4100 Tur.
800 4057 825 4100 ι.
839 4056 867 4101 2.
888 4036 975 4102 Bern.
992 4056 1019 4101 1.
1030 4035 1060 4106 3.
1081 4035 1201 4100 Eccard.
1216 4036 1373 4094 confirmet
1388 4055 1506 4116 quoque
1523 4033 1586 4100 Bas.
1599 4038 1630 4108 ⁴.
1644 4039 1697 4119 qui
1706 4061 1784 4120 ρω-

382 4141 469 4226 pubi.
487 4141 625 4223 perorari.
638 4139 720 4212 leid.
733 4141 754 4205 l.
766 4140 864 4205 Gusls.
885 4139 914 4212 4.
938 4162 985 4207 ιο.
998 4141 1094 4205 Stmv.
1109 4140 1171 4205 Brs.
1193 4139 1222 4203 3.
1235 4140 1298 4204 Ine.
1312 4160 1339 4199 2.
1353 4140 1450 4203 Senot.
1463 4159 1491 4200 2.
1516 4139 1609 4200 annu
1618 4153 1784 4224 protegere.

384 4250 466 4341 quod
482 4258 551 4314 ente
564 4246 703 4313 Cieccon.
718 4246 751 4309 in
765 4257 842 4310 textu
861 4256 936 4328 erat,
948 4245 1060 4316 habent
1073 4245 1339 4312 laid.t.cu01t1.
1360 4244 1464 4307 ambis
1475 4243 1541 4309 susi.
1552 4245 1633 4306 Leid.
1647 4245 1678 4312 b.
1699 4249 1787 4313 aaa&
