3850 4867
1466 361 1519 439 '97

115 553 154 607 eo
177 533 397 629 accidisset,
419 561 483 616 vos
501 535 763 645 implorarem,
789 539 915 618 Patres
937 538 1161 646 conscripti,
1187 541 1327 647 quibus
1347 567 1418 647 pro
1441 567 1522 617 mu-

114 657 324 760 gnitudine
352 662 500 767 imperii
526 663 584 738 ius
606 679 645 739 et
668 663 828 738 iniurias
857 663 981 740 omnis
1002 691 1103 742 curae
1140 691 1216 743 etse
1245 667 1359 744 decet
1409 667 1523 744 Nunc

113 807 200 856 vero
222 786 334 860 exsul
351 786 498 890 patria,
522 786 653 877 domo,
670 786 771 862 solus
795 802 911 890 atque
932 789 1107 864 omnium
1129 788 1377 866 honestarum
1393 819 1523 867 rerum

111 930 240 1010 egens,
256 936 340 1012 quo
358 912 553 1004 accedam,
572 927 640 986 aut
659 936 754 1015 quos
771 909 984 1015 adpellem?
1009 913 1232 990 nationesne
1249 941 1299 990 an
1318 940 1436 1019 reget,
1453 912 1524 1019 qui

113 1053 246 1107 omnes
268 1031 427 1110 familiae
446 1052 583 1111 nostroe
603 1035 652 1112 ob
671 1051 832 1110 vestram
851 1035 1060 1112 amicitiam
1079 1017 1206 1113 insecti
1224 1041 1343 1115 eunti
1368 1065 1419 1113 an
1429 1065 1525 1142 quo-

113 1179 234 1256 quam
260 1158 363 1234 mihi
390 1158 497 1236 adire
526 1160 638 1250 licet,
663 1158 732 1234 ubi
757 1185 838 1235 non
863 1159 1053 1236 maiorum
1077 1188 1250 1238 meorum
1267 1161 1420 1237 hostilia
1442 1189 1524 1240 mo·

115 1299 306 1357 numenta
325 1282 495 1387 plurima
512 1283 614 1360 eintl
639 1300 708 1360 aut
733 1284 936 1387 quiequam
961 1275 1081 1360 nostri
1105 1284 1272 1361 misereri
1287 1303 1428 1391 potest,
1452 1287 1542 1398 qui

113 1400 331 1507 aliquando
354 1406 458 1482 vobis
478 1405 596 1492 hostia
621 1406 721 1483 luit?
745 1411 935 1483 Postremo
951 1406 1145 1495 Masinissa
1168 1433 1237 1485 nos
1259 1409 1312 1482 ita
1337 1409 1522 1502 instituit,

115 1527 242 1604 Patres
262 1530 492 1636 conscripti,
517 1557 567 1606 ne
592 1556 707 1635 quem
724 1531 950 1624 coleremus,
975 1531 1060 1606 nisi'
1074 1531 1265 1636 populum
1289 1533 1522 1625 Romanum,

115 1675 164 1724 ne
184 1654 402 1746 societates,
427 1680 476 1730 ne
497 1653 640 1731 foedera
658 1661 756 1728 no'va
776 1654 1030 1760 acciperemus
1050 1689 1059 1731 ι
1084 1656 1239 1735 abunde
1258 1685 1396 1763 magna
1425 1684 1521 1764 prm-

116 1773 209 1851 si'dia
227 1778 343 1854 nobis
366 1779 409 1854 in
428 1795 547 1854 vestra
571 1777 738 1854 amicitia
760 1777 863 1854 tore:
894 1781 926 1854 si
948 1778 1042 1854 huic
1072 1781 1232 1885 imperio
1254 1780 1409 1858 fortuna
1435 1810 1520 1859 mu-

117 1911 280 1994 taretur,
305 1929 384 1979 una
412 1902 664 1979 occidendum
688 1901 799 1978 nobis
832 1927 914 1978 esse.
965 1904 1118 1980 Virtute
1150 1932 1195 1980 ac
1224 1903 1281 1979 dia
1305 1905 1520 1984 volentibus

118 2027 247 2129 magni
270 2028 357 2104 eatis
379 2043 418 2102 et
433 2026 607 2131 opulenti
619 2057 629 2120 ;
660 2026 789 2101 omnia
814 2026 981 2104 secunda
1006 2044 1044 2103 et
1070 2027 1285 2104 obedientia
1307 2045 1417 2125 ount;
1440 2059 1520 2135 quo

118 2143 270 2226 facilius
294 2151 486 2227 sociorum
510 2149 669 2225 iniurias
695 2176 830 2226 curare
854 2151 952 2228 licet
992 2153 1162 2226 Tantum
1182 2151 1283 2229 illud
1300 2179 1445 2245 vereor,
1469 2183 1519 2234 ne

121 2295 212 2375 quos
233 2276 385 2382 privata
406 2275 573 2351 amicitia
592 2272 805 2378 Iugurthae,
823 2301 962 2384 pamm
981 2277 1148 2381 cognita,
1168 2291 1395 2354 uansvoreoa
1411 2297 1516 2386 agat,

120 2420 213 2497 quos
237 2425 308 2506 ego
329 2399 444 2475 audio
466 2425 644 2474 maxumo
662 2423 734 2502 ope
758 2397 850 2490 niti,
874 2399 1036 2491 ambire,
1049 2399 1218 2506 inignit
1242 2427 1306 2479 voe
1335 2402 1517 2510 singulos,
1579 2417 1587 2436 ‘

121 2543 168 2593 ne
192 2522 292 2625 quid
312 2522 360 2600 de
376 2523 547 2614 absente,
572 2521 765 2625 incognita
789 2541 935 2614 murto,
959 2524 1157 2599 otomatis:
1193 2524 1333 2634 fingere
1350 2555 1413 2604 me
1439 2557 1520 2607 ver-

120 2641 168 2717 ba
199 2663 238 2722 et
253 2635 388 2753 ‘fugam
414 2647 612 2738 simulare,
637 2645 701 2721 cui
723 2644 875 2721 licuerit
894 2647 937 2722 ln
958 2673 1075 2752 regno
1095 2676 1259 2726 manere
1308 2652 1427 2750 Quod
1444 2655 1520 2733 uri.

122 2792 210 2848 nam
227 2771 360 2864 illum,
386 2771 494 2848 cuiue
517 2769 636 2876 impio
658 2769 827 2846 facinore
848 2770 891 2844 in
918 2761 987 2847 has
1006 2773 1172 2849 miseriae
1196 2776 1387 2880 proiectus
1417 2803 1520 2872 sum,

124 2964 151 3024 l·
169 2968 290 3031 Marah.
312 2969 373 3032 un.
385 2973 414 3044 4.
434 2971 518 3032 Bern.
533 2991 558 3031 ι.
575 2966 735 3051 propinqui
743 2968 832 3029 court
843 2969 902 3030 mei
911 2969 975 3029 aliu
989 2971 1075 3032 cludo
1090 2974 1217 3054 oppressi
1234 2975 1315 3037 Vtut.
1333 2997 1359 3036 ι.
1379 2985 1449 3036 tum
1466 2976 1521 3038 ob-

125 3066 191 3131 utut
204 3074 319 3136 Fabric.
334 3097 361 3137 ι.
382 3087 451 3138 cunt
470 3077 547 3136 delet
561 3075 643 3140 Leid.
656 3095 682 3135 c.
703 3073 796 3135 clausi
809 3075 933 3135 tenuris
951 3074 1049 3136 Gualt.
1062 3076 1091 3138 3.
1113 3088 1207 3139 morto
1220 3079 1355 3158 gratiori
1366 3080 1461 3141 uitam
1471 3101 1519 3142 σε.

125 3173 218 3240 Gmlt.
231 3182 259 3241 5.
280 3181 394 3243 Fabric.
408 3203 435 3242 ι.
456 3179 545 3244 tadei
558 3179 660 3242 omnio
678 3179 759 3240 Leid.
778 3201 805 3245 a.
820 3201 861 3240 m.
890 3180 968 3254 ¹iculi
978 3181 1074 3247 occid.
1085 3181 1171 3242 moli
1184 3201 1244 3248 cm.
1264 3183 1332 3244 Fec.
1352 3192 1438 3262 utque
1452 3202 1520 3245 om·

126 3280 203 3344 niun
221 3285 284 3350 Bas.
300 3286 365 3358 ι.4.
385 3287 426 3348 ita
443 3287 564 3351 llaverc.
579 3284 681 3345 edidit.
698 3284 769 3344 Tur.
799 3285 883 3346 Rern.
899 3307 925 3345 ι.
938 3290 966 3349 5.
979 3284 1009 3358 4.
1035 3307 1107 3366 quot
1119 3289 1261 3348 accedam
1280 3298 1520 3370 quatuorroccn·

126 3386 207 3449 tiores
223 3411 273 3472 up.
293 3391 375 3458 cort.
395 3402 447 3452 aut
458 3411 542 3472 quom
554 3389 697 3471 adpellem
717 3388 813 3450 Gnell.
827 3391 854 3450 5.
875 3390 988 3452 Fabrie.
1002 3411 1029 3450 2.
1050 3390 1229 3452 notumne.
1249 3411 1288 3452 nc
1305 3412 1366 3453 om.
1381 3390 1477 3454 Gualt.
1488 3414 1519 3477 9.

130 3511 172 3558 ιο.
185 3515 229 3556 ιι.
249 3505 302 3558 out
315 3517 394 3578 reget
412 3496 567 3558 Fabrici.
586 3495 682 3557 Struv.
702 3494 799 3560 Gucll.
811 3495 841 3555 6.
859 3495 928 3560 vin.
944 3516 973 3556 ι.
992 3493 1062 3577 Tcg.
1081 3495 1152 3561 Τιιι.
1170 3496 1255 3558 Bern.
1267 3497 1297 3558 3.
1318 3516 1361 3557 on
1373 3517 1521 3578 qrtoquom
1615 3545 1621 3554 .

129 3598 300 3663 nulu'adire.
320 3611 372 3661 aut
391 3601 475 3662 Ram.
492 3623 518 3660 ι.
538 3599 634 3660 Guell.
648 3619 675 3666 ι.
696 3621 737 3666 ιιι.
748 3619 805 3662 tec.
831 3619 959 3679 quom
987 3599 1084 3669 Guoll.
1100 3603 1127 3663 5.
1148 3601 1261 3663 Fabi-ic.
1274 3622 1303 3668 2.
1335 3621 1416 3688 mon.
1438 3604 1518 3685 plur.

129 3701 192 3764 tint.
211 3727 342 3768 monum.
363 3727 424 3766 om.
443 3705 529 3771 Febr.
546 3727 572 3764 1.
592 3713 660 3765 tunt
680 3695 776 3764 Gucli.
789 3705 817 3764 5.
845 3705 906 3764 inc.
924 3727 949 3770 ι.
970 3704 1054 3764 Bern.
1069 3727 1095 3765 ι.
1109 3705 1140 3767 3.
1165 3716 1234 3768 arnt
1253 3727 1314 3767 om.
1329 3707 1430 3768 llcuet.
1449 3709 1519 3771 Son.

131 3823 157 3866 ι.
176 3819 224 3870 out
236 3811 326 3892 qw'aq.
346 3813 387 3872 sic
399 3813 539 3875 meliores.
560 3831 602 3870 on
621 3810 717 3870 ceteri.
736 3828 838 3869 omnes
851 3808 965 3871 wanti.
985 3812 1176 3889 ncusoodcro
1193 3811 1279 3873 lictu.
1290 3813 1319 3885 4.
1340 3813 1436 3874 occid.
1451 3833 1518 3876 tate.

129 3924 192 3975 καί
209 3917 304 3979 Goell.
317 3919 345 3978 5.
357 3919 431 3996 fora
448 3916 528 3980 Vtut.
543 3937 568 3974 ι.
588 3914 685 3976 Guell.
699 3934 745 3974 ιο.
765 3914 846 3974 Leid.
857 3914 885 3972 k.
907 3934 984 3974 unus
992 3916 1106 3982 Wmii.
1127 3917 1212 3978 Bem·
1231 3941 1258 3979 ι.
1278 3920 1373 3981 occid.
1385 3921 1521 3985 noum

129 4013 191 4102 lag.
216 4022 277 4084 un.
295 4043 321 4082 1.
335 4021 364 4094 4.
393 4024 433 4082 ita
446 4021 519 4086 Har.
533 4021 636 4081 edidit.
655 4020 740 4080 Bem.
751 4018 780 4092 ,3.
792 4018 821 4092 4.
842 4039 900 4080 cote
919 4039 980 4079 om.
996 4041 1073 4080 unua
1089 4021 1202 4083 Wauii.
1222 4023 1332 4086 virtute
1342 4035 1439 4088 vestro
1458 4027 1519 4094 Ert.

132 4120 186 4184 Ru.
197 4127 225 4198 4.
245 4127 292 4189 dit
310 4127 394 4192 Febr.
408 4147 435 4186 2.
456 4126 553 4186 Gnclf.
570 4147 595 4185 1.
610 4124 639 4190 3.
655 4126 683 4185 5.
695 4126 724 4186 6.
744 4125 804 4186 ml.
823 4123 885 4184 Bu.
903 4145 928 4183 ι.
942 4126 972 4194 4.
992 4134 1021 4184 et
1038 4127 1183 4194 obedient.
1204 4137 1305 4190 dom.
1322 4130 1382 4191 Erl.
1402 4149 1520 4194 tttmma

134 4231 244 4310 ῳιιιίιι·
261 4223 383 4295 uem
402 4233 462 4294 inc.
480 4251 506 4292 ι.
527 4231 608 4293 Leid.
621 4231 650 4292 k.
662 4251 694 4292 n.
714 4230 799 4293 Bem.
813 4251 839 4292 ι.
858 4229 1082 4309 ttfitgomtim.
1101 4242 1130 4293 et
1149 4254 1211 4297 om.
1230 4234 1383 4303 totta.
1398 4236 1519 4306 Vntt.

960 4345 1122 4430 ἰδ
