3850 4867
381 306 457 381 266

379 482 551 589 primum
572 482 788 589 id,quoeso,
800 484 1014 574 considera,
1031 482 1146 588 quale
1165 480 1208 558 id
1226 481 1296 570 sit,
1319 478 1461 583 dequo
1475 472 1686 584 consultas:
1705 464 1774 551 ilat

378 606 490 683 bonis
505 606 689 749 malisque
706 609 860 685 dimotis
867 609 1038 713 ,patenti
1056 607 1117 683 via
1138 607 1189 683 'ad
1209 632 1343 682 rerum
1358 629 1494 708 perges
1527 576 1651 703 Ego
1619 621 1678 671 stc
1697 587 1772 665 exi·

376 744 520 805 sturno·
511 733 730 834 ,quoniam
742 748 825 807 orta
845 732 976 808 omnia
991 732 1202 821 intereunt,
1213 756 1290 834 qua
1302 740 1520 831 tempestate
1535 722 1623 798 urbi
1635 721 1775 793 Rom-

379 852 574 929 uaefatum
582 855 739 931 exscidii
752 856 982 945 adventarit,
996 856 1092 929 cives
1104 879 1203 928 cum
1211 853 1356 929 civibus
1367 874 1503 925 manus
1518 858 1777 927 consertum

379 974 433 1050 ita
450 974 607 1053 defessos
626 993 664 1053 et
681 978 877 1084 exsanguis
888 979 967 1084 regi
981 994 1049 1053 aut
1061 977 1211 1053 nationi
1226 976 1364 1081 praedae
1378 974 1537 1049 futuros
1561 969 1685 1045 Aliter
1694 987 1777 1037 non

378 1100 481 1178 orbis
501 1117 707 1192 terrarum,
730 1130 854 1205 neque
868 1120 1018 1177 cunctae
1029 1118 1155 1207 gentes
1172 1100 1425 1205 conglobatae‚
1440 1120 1590 1173 morere
1605 1102 1777 1168 aut'con-

378 1223 541 1301 tundere
554 1243 704 1329 queunt
715 1225 817 1303 boc
807 1228 1020 1331 imperium.
1053 1225 1283 1301 Firmanda
1272 1226 1492 1331 rgimrsuut
1508 1238 1548 1298 et
1561 1212 1779 1295 concordiae

377 1348 497 1439 bona,
516 1366 555 1423 et
568 1350 767 1425 discordiae
777 1351 877 1453 mala
893 1348 1124 1453 expellenda
1150 1349 1196 1423 Id
1207 1350 1261 1424 ita
1272 1349 1435 1437 eveniet,
1452 1348 1484 1421 si
1498 1358 1729 1448 sumptuum
1742 1350 1781 1409 et

376 1472 604 1574 rapinarum
627 1470 823 1547 licentiam
842 1473 1036 1567 demseris3
1063 1499 1144 1548 non
1168 1470 1220 1547 ad
1236 1489 1360 1549 vetera
1386 1470 1562 1546 instituta
1579 1486 1778 1549 revocans,

377 1620 465 1697 quae
481 1595 559 1669 iam
574 1595 741 1699 pridem,
755 1598 944 1700 corruptis
954 1594 1320 1689 moribus‚ludibrio
1333 1610 1442 1687 sunt,
1457 1592 1522 1668 scd
1532 1593 1563 1667 si
1575 1616 1683 1665 suam
1696 1585 1778 1661 cui-

378 1742 454 1820 que
472 1745 553 1793 rem
563 1720 790 1797 familiarem
803 1720 918 1795 finem
930 1737 1158 1826 sumptuum
1172 1721 1362 1795 statueris:
1374 1718 1559 1821 quoniam
1579 1716 1610 1789 is
1628 1709 1780 1788 incessit

378 1866 477 1931 mos,
497 1858 543 1917 ut
560 1840 736 1919 homines
750 1844 1026 1920 adulescentuli
1044 1870 1112 1921 sua
1129 1860 1245 1946 atque
1266 1844 1390 1918 aliena
1409 1866 1647 1927 consumere,
1671 1832 1775 1911 nibil

378 1962 547 2041 lubidini
569 1982 685 2071 atque
708 1966 793 2041 aliis
815 1968 1036 2071 rogantibus
1050 1966 1256 2073 denegare,
1275 1964 1594 2070 pulcherrumum
1613 1973 1775 2068 putent:

378 2112 463 2165 eam
475 2089 656 2164 virtutem
678 2105 716 2165 et
733 2090 1039 2195 magnitudinem
1056 2091 1194 2179 animi,
1219 2090 1407 2193 pudorum
1426 2104 1542 2190 atque
1554 2086 1775 2162 modestiam

378 2236 449 2315 pro
458 2212 640 2303 socordia,
650 2226 857 2287 aestument.
884 2214 985 2317 Ergo
1003 2214 1154 2288 animus
1170 2211 1284 2303 ferox,
1296 2238 1412 2315 prava
1425 2212 1485 2287 via
1501 2212 1693 2316 ingressus,
1704 2207 1772 2283 ubi

378 2350 557 2410 consueta
586 2362 667 2411 non
689 2352 923 2441 suppetunt,
949 2336 1072 2412 fertur
1094 2361 1272 2411 accensus
1295 2337 1337 2411 in
1364 2334 1636 2426 socios‘modo,
1661 2329 1772 2409 modo
1873 2421 1874 2424 Ἴ

379 2455 420 2532 in
437 2457 558 2533 cives:
583 2474 710 2533 moret
726 2460 933 2563 composita
952 2477 992 2537 et
1011 2486 1068 2536 rer
1088 2486 1204 2536 noras
1228 2462 1417 2536 veteribus
1434 2460 1608 2565 acquirit
1646 2459 1771 2555 Quare

378 2580 570 2657 tollendus
595 2582 804 2658 foenerator
830 2584 874 2657 in
901 2600 1109 2687 posterum,
1134 2586 1194 2658 uti
1215 2608 1300 2657 suas
1325 2584 1487 2686 quisque
1509 2609 1568 2658 res
1591 2604 1769 2658 curemus

377 2704 432 2778 Ea
460 2730 547 2779 vera
567 2721 682 2809 atque
695 2706 856 2811 simplex
877 2706 937 2783 via
951 2724 1020 2798 est,
1048 2706 1310 2811 magistratum
1329 2708 1490 2811 populo,
1516 2734 1596 2781 uon
1614 2706 1768 2808 credito·
1873 2749 1874 2778 r

378 2826 430 2916 ri,
445 2852 588 2931 gerere5
608 2845 646 2903 et
662 2828 969 2934 magnitudinem
984 2830 1105 2903 animi
1122 2831 1164 2905 in
1185 2828 1383 2920 addendo,
1407 2858 1486 2905 non
1501 2830 1687 2908 demendo
1702 2828 1767 2904 rei-

358 2950 544 3055 spublicae
557 2951 764 3029 ostendere„
809 2958 935 3057 Atque
952 2981 1019 3058 ego
1032 2953 1132 3042 scio,
1155 2978 1273 3054 quam
1289 2978 1419 3055 aspera
1435 2953 1518 3029 haec
1538 2980 1595 3031 res
1612 2956 1653 3030 in
1669 2957 1769 3059 prin-
1872 2995 1874 3052 5

375 3074 477 3180 cipio
502 3074 633 3151 futura
668 3076 738 3167 sit,
764 3078 973 3180 praesertim
992 3077 1055 3164 iis,
1080 3076 1205 3178 quise
1237 3074 1279 3149 in·
1298 3076 1457 3151 victoria
1480 3078 1658 3154 licentius
1683 3078 1768 3153 libe·
1831 3080 1835 3088 ’
1874 3139 1875 3148 ,

380 3200 535 3304 riusque
553 3226 672 3303 quam
688 3200 807 3302 artius
828 3200 978 3275 futuros
999 3197 1213 3272 credebant
1263 3198 1440 3295 Quorum
1462 3202 1493 3274 si
1514 3200 1630 3277 saluti
1650 3203 1767 3308 potius
1797 3259 1801 3268 .
1874 3187 1875 3192 ¹

380 3350 498 3426 quam
519 3322 688 3399 lubidini
704 3322 894 3417 consules3
918 3322 1079 3422 illosque
1111 3344 1255 3422 nosque
1279 3337 1318 3394 et
1336 3322 1454 3397 socios
1484 3324 1526 3429 in
1551 3352 1645 3429 pace
1667 3326 1766 3401 firma
1867 3359 1875 3424 ,τ

378 3446 608 3521 constitues:
632 3446 700 3520 Sin
727 3445 860 3519 eadem
879 3445 1004 3520 studia
1026 3460 1199 3545 artesque
1228 3444 1416 3519 iuventuti
1440 3440 1556 3523 erunt
1581 3484 1588 3523 :
1614 3478 1675 3526 uae
1701 3452 1763 3526 ista
1874 3537 1875 3550 χ

378 3566 525 3670 egregia
551 3582 616 3641 tua
637 3564 739 3641 fama
762 3566 876 3641 simul
896 3594 986 3645 cum
1002 3568 1102 3642 urbe
1115 3570 1235 3641 Roma
1261 3568 1365 3643 brevi
1399 3568 1582 3647 concidet.
1595 3582 1616 3666 ᾗ
1632 3579 1767 3651 Postre-

379 3714 443 3765 mo
463 3690 654 3793 sapientes
664 3689 768 3792 pacis
789 3716 915 3765 caussa
934 3688 1082 3765 bellum
1098 3706 1253 3794 gerunt,
1276 3689 1447 3767 laborem
1464 3718 1532 3798 spe
1550 3696 1619 3771 otii
1633 3715 1767 3773 susten·

380 3825 474 3885 tant.
521 3810 601 3885 Nisi
634 3810 741 3889 illam
771 3811 924 3887 firmam·
943 3813 1077 3901 efficis,
1104 3812 1218 3911 ⁴vinci
1235 3840 1287 3889 an
1318 3815 1466 3907 vicisse,
1490 3819 1587 3920 quid
1613 3822 1765 3896 retulit?

380 3932 510 4031 Quare
538 3958 704 4038 capesse,
728 3960 798 4037 per
828 3935 947 4027 deos,
968 3935 1266 4040 rempublicam,
1294 3953 1333 4011 et
1358 3940 1489 4017 omnia
1523 3968 1680 4045 aspera,
1713 3942 1764 4018 uti

382 4132 440 4193 die
463 4130 548 4195 Fabri
567 4131 684 4198 etBrie.
705 4140 732 4191 et
749 4150 832 4193 conc.
855 4096 1113 4194 emendavitCort.
1134 4168 1176 4183 -
1199 4132 1271 4214 Cap.
1285 4136 1314 4195 6.
1340 4098 1589 4220 concordiamque
1600 4141 1759 4205 emitote.

380 4256 434 4317 qu
453 4256 520 4299 om..
535 4234 629 4300 Fabri.
648 4230 804 4295 alubiluisec
823 4234 907 4297 Fabr.
923 4238 1037 4294 albric.
1059 4267 1098 4281 ·-
1121 4238 1192 4317 Cup.
1209 4262 1235 4317 7.
1257 4240 1400 4318 uttritgere
1416 4244 1548 4321 nequiret
1567 4244 1695 4317 Yaticau,
1715 4266 1760 4303 ne·
1872 4310 1875 4324 ‚
