3850 4867
365 264 413 339 50

460 460 749 566 Quadripertita
772 463 868 540 mihi
884 466 1037 543 videtur
1055 492 1133 543 esse
1149 456 1432 573 philologorum
1449 469 1666 573 provincia;
1690 470 1767 545 eri·

363 574 435 651 tica
455 578 614 669 seilicet,
631 583 894 684 grammatica,
909 580 1067 659 historia
1087 600 1204 685 atque
1223 583 1410 659 rhetorica
1431 587 1660 660 continetur.
1693 587 1768 661 Ne-

361 719 437 793 que
455 692 514 769 his
537 696 649 798 plura
675 698 887 773 addiderim
894 732 905 794 3
930 726 1022 775 nam
1038 726 1125 802 quae
1144 728 1166 773 a
1186 702 1387 775 nonnullis
1409 702 1678 805 adjunguntur
1694 703 1768 777 sci-

358 810 489 898 entiae,
518 829 586 886 aut
612 813 661 885 ah
693 814 756 906 iis',
783 840 876 917 quas
902 817 1223 905 enumeravimus,
1254 844 1391 920 parum
1414 818 1586 909 diversae,
1621 835 1691 891 aut
1714 819 1767 891 ah

361 921 611 1002 humanitatis
630 930 764 1005 studiis
780 930 895 1034 plane
915 932 1048 1007 alienae
1064 948 1163 1006 sunt
1178 933 1218 1023 *)
1254 933 1403 1009 Criticae
1424 932 1530 1007 haud
1551 932 1669 1007 dubie
1685 932 1768 1035 pri·

337 1068 434 1131 ,mae
453 1058 543 1117 sunt
567 1062 708 1149 partes,
731 1062 769 1120 et
791 1073 834 1121 ea
858 1048 938 1151 ipsa
964 1048 1155 1150 bipartita.
1213 1052 1291 1123 Aut
1310 1050 1413 1125 enim
1437 1050 1479 1123 in
1503 1049 1662 1153 singulis
1682 1074 1768 1124 ver·

358 1160 416 1235 his
438 1162 700 1237 'examinandis
720 1180 908 1254 versatur,
941 1164 1080 1238 autad
1111 1181 1206 1239 totos
1230 1164 1346 1240 libros
1366 1166 1538 1269 pertinet
1577 1167 1689 1238 Hanc
1710 1166 1769 1239 al·

359 1277 507 1367 tiorem,
534 1279 640 1352 illam
666 1278 884 1355 inferiorem
906 1280 1118 1355 nominant
1157 1280 1230 1355 Sed
1251 1296 1296 1353 ut
1316 1281 1484 1383 prudens
1497 1296 1613 1381 atque
1623 1279 1767 1353 subtile

358 1396 407 1469 sit
429 1394 633 1497 judicium,
660 1412 697 1468 et
717 1412 762 1469 ut
781 1420 840 1470 ars
866 1396 1014 1485 critica,
1041 1423 1158 1497 quam
1180 1396 1331 1484 dicunt,
1357 1397 1417 1471 via
1448 1414 1485 1471 et
1502 1396 1651 1469 ratione
1676 1422 1767 1479 pro·

359 1510 485 1600 cedat,
519 1539 607 1587 eum
636 1512 765 1587 ceteris
797 1511 1009 1615 disciplinis
1037 1512 1242 1586 arctissime
1273 1512 1429 1587 vinculo
1458 1488 1766 1615 conjunctam,

362 1654 507 1703 necesse
523 1644 584 1703 est.
620 1628 710 1724 Quo
731 1627 888 1730 quidem
906 1628 1055 1717 omisso,
1082 1655 1180 1702 vana
1199 1628 1268 1701 ista
1288 1628 1488 1702 ostentatio
1508 1628 1651 1714 oritur,
1677 1652 1767 1728 qnae

357 1745 500 1819 sincera
522 1761 559 1819 et
580 1745 724 1848 integra
754 1743 928 1846 expellit,
952 1745 1076 1819 aliena
1090 1745 1245 1847 probat,
1271 1744 1446 1819 codicum
1466 1759 1503 1818 et
1523 1740 1766 1844 antiquitatis

361 1860 572 1935 testimonia
599 1888 669 1963 pro
698 1858 823 1934 nihilo
846 1858 981 1951 habet,
1007 1861 1235 1962 opinionum
1260 1877 1475 1934 commenta
1494 1857 1653 1932 summis
1679 1856 1766 1931 lau·

357 1977 468 2053 dibus
492 1979 618 2067 effert,
643 1994 695 2064 et,
722 1993 767 2051 ut
785 1976 911 2051 dicam
936 1974 1041 2077 quod
1063 1974 1201 2063 sentio,
1228 1974 1270 2047 in
1304 2002 1347 2049 rc
1368 1975 1471 2048 sutili
1491 1974 1661 2047 laborem
1677 1998 1766 2075 per·

359 2095 416 2170 dit
442 2112 557 2197 atquc
584 2094 795 2197 profundit.
840 2093 970 2189 Quare
986 2091 1108 2165 nolim
1128 2091 1178 2165 ah
1201 2118 1334 2165 eorum
1358 2090 1530 2193 partibus
1549 2106 1670 2178 stare,
1693 2086 1765 2189 qui

358 2212 480 2286 critici
496 2210 697 2314 proprium
717 2208 911 2310 quoddam
925 2232 1066 2280 munus
1091 2223 1162 2279 eta
1177 2207 1306 2280 ceteris
1320 2205 1530 2308 disciplinis
1544 2204 1764 2307 sejunctum

357 2354 431 2403 esse
451 2343 635 2403 statuunt.
682 2326 780 2399 Nam
808 2323 953 2397 etiamsi
985 2321 1225 2411 concesseris,
1256 2322 1426 2423 primum
1447 2322 1489 2395 in
1514 2317 1766 2395 emendandis

358 2444 463 2518 libris
484 2470 638 2546 operam
657 2467 731 2517 esse
753 2438 971 2544 ponendam
994 2454 1042 2522 et,
1060 2436 1165 2543 quod
1186 2436 1444 2541 gravissimum
1463 2454 1538 2526 est,
1562 2434 1765 2539 exploran-

439 2710 646 2788 incormptum
671 2706 796 2765 auctoris
816 2722 983 2763 sermonem
1013 2702 1145 2783 proxime
1168 2700 1304 2773 accedat,
1324 2722 1376 2761 seu
1394 2702 1495 2781 potius
1513 2720 1581 2757 eum
1607 2698 1763 2776 exprimat·

439 2806 605 2879 Quodnisi
624 2808 805 2884 exploratum
831 2802 935 2875 suerit,
966 2799 1002 2860 de
1018 2798 1158 2859 classibus
1178 2809 1207 2857 et
1227 2798 1349 2857 familiis
1368 2796 1464 2867 Codd,
1482 2798 1577 2855 multa
1597 2792 1764 2866 hariolari,

439 2904 489 2963 sed
506 2902 582 2963 nihil
606 2903 678 2961 certi
696 2911 820 2959 statuere
842 2900 922 2957 lieet.

302 3140 306 3149 ὁ
358 3070 385 3147 ⁴)
407 3068 631 3152 Philologorum
647 3064 744 3125 ollieia
764 3065 814 3122 alii
834 3063 890 3120 alia
909 3070 1053 3119 statuunt.
1081 3058 1145 3118 cic,
1165 3058 1201 3117 de
1219 3055 1376 3117 Oratorel.
1394 3049 1443 3120 la.
1466 3044 1667 3105 Grammaticis
1687 3062 1766 3101 eon-

436 3168 528 3227 teneri
558 3166 631 3224 dicit
657 3172 809 3243 poctarum
837 3159 1118 3238 pertractationem,
1145 3152 1334 3212 historiarum
1360 3146 1584 3227 cognitionem,
1604 3138 1762 3199 rethorum

434 3264 726 3343 interpretationem,
747 3254 963 3335 pronuntiandi
986 3252 1135 3331 quendam
1156 3269 1275 3308 sonum.
1295 3246 1404 3302 Seneca
1424 3242 1478 3319 Ep.
1495 3240 1543 3305 85,
1563 3240 1605 3295 ita
1627 3234 1763 3313 judicat:

434 3400 449 3430 ,
463 3360 680 3420 Grammaticus
701 3356 777 3413 eirea
801 3372 900 3411 curam
919 3351 1063 3407 sermonis
1080 3358 1210 3406 versatur
1232 3354 1261 3402 et
1280 3343 1303 3399 si
1327 3342 1395 3397 satis
1413 3346 1550 3415 evagatur
1570 3335 1646 3391 eirca
1664 3330 1765 3389 histo-

439 3460 514 3529 rias3
546 3465 605 3534 jam
629 3465 663 3512 nt
680 3453 847 3531 longissime
870 3452 942 3507 lines
965 3468 1030 3504 suas
1046 3447 1173 3525 proferat
1187 3444 1265 3500 cirea
1282 3438 1423 3497 camarina.
1434 3435 1451 3461 ’⁹
1480 3428 1614 3489 Scd'hoe
1634 3438 1677 3486 est
1695 3426 1764 3485 hla-

440 3554 557 3611 terantis
572 3546 743 3633 philosophi
763 3545 928 3623 judicium,
950 3544 1002 3621 qui
1026 3561 1084 3621 prae
1108 3562 1156 3612 ea,
1177 3557 1269 3617 qaam
1294 3536 1411 3593 unicam
1433 3531 1583 3607 amplexus
1604 3536 1648 3583 est
1664 3524 1762 3583 seien-

439 3652 529 3723 tiam,
550 3660 657 3708 cetcras
673 3656 746 3702 artes
766 3640 940 3699 contemnit.

476 3744 634 3805 Diomedes
669 3741 791 3821 (pagina
820 3738 888 3806 42¹·
922 3734 999 3792 Edit.
1035 3729 1170 3806 Putseh.)
1208 3740 1237 3787 et
1256 3729 1318 3806 ipse
1342 3734 1469 3803 quatuor
1486 3716 1671 3801 grammatici
1692 3712 1764 3772 offi-

423 3847 484 3903 ·cia
510 3863 568 3901 esse
588 3840 679 3898 dicit:
702 3876 721 3909 ,‚
734 3836 912 3903 lectionem,
941 3831 1183 3898 enarrationem,
1205 3822 1440 3883 emendationem
1470 3829 1558 3893 atque
1581 3811 1762 3889 judicium*

440 3940 548 4000 Eadem
572 3940 629 3996 lere
650 3933 867 4005 Quintilianus.
888 3928 981 4005 (lnst.
1004 3925 1122 3984 Orator.
1146 3927 1169 3981 1.
1191 3920 1237 3996 t..)
1259 3918 1352 3988 ,ttaec
1370 3914 1511 3995 professio
1533 3906 1761 3990 (grammatica)

438 4038 606 4097 brevissime
624 4034 656 4091 in
673 4030 745 4087 duas
764 4036 860 4107 partes
878 4022 1037 4092 dividitur,
1052 4029 1129 4077 reete
1141 4014 1284 4096 loquendi
1296 4011 1448 4071 scientiam
1463 4018 1493 4065 et
1502 4016 1656 4085 poctarum
1673 4019 1765 4061 enar-

438 4138 606 4203 rationem„
630 4173 636 4187 .
660 4172 667 4186 .
692 4169 698 4184 .
722 4124 771 4183 sed
798 4142 865 4179 eum
887 4116 1039 4197 loquendo
1065 4112 1215 4173 scribendi
1236 4112 1312 4168 ratio
1338 4112 1499 4181 conjuncta
1518 4110 1578 4169 est,
1598 4109 1763 4155 stenem-

438 4234 581 4295 rationem
609 4224 744 4308 praecedit
771 4217 924 4279 emendata
948 4214 1037 4272 lectio
1068 4223 1097 4269 et
1143 4212 1269 4269 mixtum
1302 4202 1349 4261 his
1369 4199 1509 4260 omnihus
1530 4195 1676 4273 judicium
1697 4194 1769 4249 est*
