3850 4867
1432 332 1504 421 243

113 502 361 609 neutiquam
383 535 422 587 se
438 508 494 587 ibi
512 510 600 587 cibo
616 510 783 615 vinoque
795 510 873 587 laeti
886 510 1102 587 invitarent
1118 510 1169 572 -’
1195 513 1252 583 33.
1276 506 1402 608 Atque
1422 503 1509 579 hia·

110 624 161 699 rit
178 626 322 707 humus
339 634 480 726 multa,
494 650 596 710 rasta
617 651 655 711 et
672 634 874 739 profimda.
897 684 948 699 -
975 640 1032 728 34.
1057 636 1198 707 Rursus
1224 632 1395 705 iumenta
1415 654 1507 704 nao-

110 747 136 822 ti
154 751 203 827 ad
220 755 412 861 oppidum
433 757 488 833 ire
508 758 756 834 contendunt
782 802 832 821 -
861 754 917 833 35.
942 758 1018 831 Ubi
1030 781 1069 831 oe
1089 755 1233 832 laniata
1251 754 1399 857 navigia
1417 752 1507 829 fuu-

109 870 155 949 do
169 897 445 983 emergnnt-
471 883 528 956 36.
546 883 647 955 Tum
669 905 757 956 vero
780 879 936 983 Bithyni
948 879 1252 984 propinquantes
1264 878 1342 952 ium
1353 904 1508 954 amnem

108 996 344 1077 Tartanium.
363 1052 415 1071 -
440 1008 497 1104 37.
524 1006 572 1077 In
583 1004 669 1106 quis
681 1005 909 1079 notissumua
924 1003 1085 1107 quisque
1096 1019 1164 1079 aut
1174 1002 1276 1077 mulo
1290 1001 1509 1105 dependens

107 1122 395 1217 verberabatur,
422 1142 491 1203 aut
510 1127 742 1203 immutilato
762 1152 920 1231 corpore
948 1125 1124 1230 improbo
1143 1106 1320 1229 patibulo
1337 1126 1508 1201 eminens

108 1244 353 1352 adigebatur.
377 1298 429 1315 --
454 1255 511 1326 58.
538 1249 598 1325 Ad
632 1249 801 1327 Siciliam
835 1274 991 1354 vergens
1022 1248 1196 1326 faucibus
1232 1271 1313 1324 non
1343 1248 1508 1353 amplius

107 1385 208 1473 patet
226 1372 403 1449 millibus
416 1374 591 1477 quinque
608 1386 647 1449 et
667 1371 833 1477 triginta
852 1412 910 1431 —
936 1378 992 1468 59
1018 1372 1146 1447 Clausi
1167 1372 1349 1449 lateribus
1367 1372 1503 1475 pedem

109 1492 197 1569 allia
223 1542 277 1556 -
302 1502 362 1590 lo.
387 1494 625 1601 Nuphtua—
649 1503 707 1589 41.
733 1496 877 1571 Tenuit
899 1494 1082 1571 Lucullus
1103 1494 1297 1571 thesauros
1321 1494 1509 1571 custodias

109 1617 231 1721 regiae
258 1627 402 1713 -Jpz
429 1619 468 1695 Si
488 1618 589 1695 nihil
618 1635 707 1696 ante
728 1618 936 1695 adventum
951 1645 1066 1694 suum
1087 1617 1189 1697 inter
1210 1620 1362 1725 plebem
1382 1636 1421 1694 et
1442 1646 1510 1723 pa·

113 1755 179 1815 tres
198 1742 454 1833 convenisset,
477 1769 606 1819 eoram
625 1768 663 1818 se
678 1742 861 1819 daturum
880 1768 1042 1847 operam

721 1968 827 2041 Lrn.
861 1968 907 2042 V.

188 2142 216 2189 ι.
241 2120 295 2190 At
305 2112 504 2204 Lucullus,
526 2113 657 2189 audito
673 2114 719 2209 Q.
734 2110 925 2185 Marcium
935 2111 1072 2213 Regem
1084 2111 1350 2186 Proeomulem
1363 2138 1433 2216 per
1440 2077 1513 2217 L'y-

115 2240 288 2313 caouiam
313 2264 403 2313 eum
430 2238 550 2311 tribus
575 2235 786 2341 legionibus
808 2235 850 2308 in
870 2234 1043 2309 Ciliciam
1063 2232 1224 2309 tendere.
1249 2280 1302 2295 —
1326 2261 1357 2308 2.
1383 2237 1513 2342 Legio-

116 2375 175 2435 nes
189 2344 409 2439 Valeriane
434 2376 646 2463 comperto,
672 2359 751 2463 lege
768 2356 937 2432 Gabinia
951 2353 1172 2458 Bithyniam
1188 2371 1227 2429 et
1241 2360 1407 2433 Pontum
1421 2384 1513 2435 con·

116 2482 185 2558 suli
202 2485 352 2574 datam,
371 2496 457 2575 oesej
471 2482 597 2557 missos
617 2506 759 2556 eose-
787 2486 817 2555 3.
837 2482 975 2581 Regem
987 2478 1323 2553 adversabamu—
1346 2483 1512 2576 meteri

116 2608 262 2711 negotia
283 2607 543 2711 sequebantur
560 2602 762 2678 familiaria
787 2601 998 2706 legatorum
1020 2618 1088 2675 aut
1104 2602 1351 2679 tribunorum
1368 2621 1407 2680 et
1423 2634 1511 2711 para

115 2753 178 2804 sua
194 2728 469 2805 commeatibus
489 2726 733 2801 merentia-
755 2722 787 2799 5.
801 2726 851 2799 Et
864 2723 975 2799 uxori
990 2722 1070 2798 eiua
1080 2722 1301 2800 fintererat.
1319 2774 1372 2789 -
1395 2732 1513 2806 ᾅδω.

118 2876 162 2952 pe
178 2854 438 2930 celebritatem
457 2847 623 2926 nominis
640 2848 818 2951 intellego
831 2847 1037 2921 timentem
1061 2891 1114 2907 -
1139 2873 1170 2945 7.
1195 2847 1319 2925 Video
1341 2851 1511 2956 ingentia

118 2972 214 3053 dona
231 2975 435 3081 quaesitum
452 2973 581 3078 gratiae
599 2974 965 3075 properantem-8.
985 2968 1083 3042 Nam
1103 2969 1135 3043 si
1156 2969 1198 3043 in
1219 2975 1398 3076 Pompeio
1416 2978 1512 3079 quid

121 3202 232 3274 cathol.
252 3208 340 3279 1465.
356 3216 385 3267 et
404 3204 490 3288 1473.
509 3204 566 3263 boe
579 3202 717 3282 nephtar,
736 3198 820 3259 herine
838 3198 956 3278 nuplttoe
969 3208 1024 3257 ete.
1042 3234 1087 3249 —
1106 3196 1155 3267 4¹·
1176 3195 1280 3278 Pomp.
1295 3198 1413 3260 Comm.
1427 3202 1461 3262 A.
1474 3205 1513 3264 Ι).

121 3332 148 3389 p.
161 3334 226 3393 ¹9⁰·
247 3335 314 3393 ¹9¹·
336 3310 393 3373 boc
410 3312 603 3392 fragmentum
624 3305 767 3367 diversum
781 3303 818 3361 ub
832 3323 867 3362 eo
881 3324 937 3362 rese
953 3302 1086 3374 videtur,
1100 3300 1182 3381 quod
1192 3321 1279 3382 supra
1293 3306 1444 3366 laudatum
1462 3321 1513 3369 ert.

122 3414 188 3477 Nro.
205 3440 251 3485 ιο,
271 3456 315 3469 --
335 3418 384 3488 la.
405 3415 490 3474 Prisc.
512 3411 701 3486 145026085
723 3416 857 3487 preterea
882 3405 1063 3464 munr'noenlu
1089 3408 1212 3465 madore
1241 3405 1463 3483 infirmarentur
1480 3436 1514 3473 er

124 3534 222 3601 quarto
238 3524 305 3584 hiel.
318 3522 395 3581 libro
416 3519 533 3590 laudat3
553 3516 602 3577 ted
617 3514 677 3574 her
691 3512 771 3571 haud
788 3510 876 3571 dubie
889 3511 927 3569 at!
945 3512 1141 3591 fragmentum
1153 3511 1171 3568 6
1183 3508 1251 3569 libri
1267 3513 1341 3572 tertii
1354 3516 1514 3580 reserenda.

213 3694 289 3759 Lu.
309 3697 350 3756 V.
396 3711 421 3753 1.
443 3690 526 3752 Prisc.
541 3686 592 3759 18,
612 3684 646 3758 l,
667 3702 733 3743 122.
750 3680 879 3741 Lucilius
898 3681 1029 3760 plerique
1048 3676 1146 3742 Codd.
1174 3678 1382 3743 Pmroneulem
1402 3687 1454 3748 Kr.
1482 3712 1517 3751 οι

128 3796 314 3883 limianger.
326 3794 425 3878 prb.
435 3790 615 3874 proconsule
627 3776 725 3869 vulg‘n.
735 3822 778 3837 --
800 3805 826 3845 a.
834 3785 876 3843 id.
890 3782 963 3843 ibid.
971 3806 1002 3863 p
1016 3782 1082 3841 rai.
1102 3784 1207 3841 dutum
1218 3783 1315 3845 codd.
1325 3786 1425 3869 prb.
1436 3792 1517 3855 Lan.

129 3922 182 3981 ger.
191 3904 249 3966 Erl.
259 3908 363 3965 datam
375 3903 474 3981 vulgo.
492 3914 549 3956 esse
559 3892 656 3953 missos
667 3888 764 3949 Codd.
775 3888 854 3969 Lipr.
866 3886 898 3946 A.
909 3886 942 3945 li.
952 3888 1043 3968 lang.
1054 3906 1111 3947 ease
1124 3887 1223 3947 muros
1232 3908 1289 3950 erse
1303 3890 1399 3953 Codd.
1411 3897 1514 3979 prb.

132 4008 377 4071 rtGemblac.eere
388 4003 486 4063 muros
504 3999 614 4059 Ilouza.
633 4030 676 4045 -
695 3992 724 4053 ὅ.
747 3992 782 4059 C.
797 3992 844 4053 Fr.
856 3994 923 4051 ado.
936 4028 979 4042 -
999 3991 1028 4060 l.
1048 3990 1129 4055 Nou.
1147 4012 1179 4065 a,
1193 3994 1262 4052 535.
1275 3996 1346 4055 -5.
1366 3997 1401 4064 C.
1413 4000 1461 4061 Fr.
1475 4028 1515 4067 m.

134 4132 183 4173 roc.
196 4115 353 4195 quim-
373 4109 401 4169 6.
424 4106 508 4167 Prisc.
524 4104 572 4164 18.
588 4098 709 4176 4,113.
730 4108 759 4157 te
769 4098 832 4175 lego
844 4096 968 4177 plurimi
981 4092 1068 4168 libri3
1089 4095 1221 4173 intellego
1236 4101 1342 4179 vulgo;
1363 4106 1450 4165 etium
1466 4130 1518 4171 00-

135 4226 188 4278 trra
197 4220 319 4280 maxime
331 4214 444 4279 variant
459 4210 511 4271 eir.
528 4206 579 4266 llr.
593 4239 634 4256 -
663 4222 692 4283 7.
712 4200 754 4262 id.
775 4198 847 4265 ibid.
863 4197 1059 4277 liugandau·
1077 4201 1194 4281 aliquot
1205 4198 1285 4261 libri.
1305 4205 1455 4281 quaesitum
1474 4213 1519 4277 ire

1024 4326 1050 4381 *
