3850 4867
437 291 505 366 190
527 321 531 328 ·

431 448 606 525 laborare
624 463 696 540 ,ut
725 447 784 522 illi
813 475 933 552 quam
955 447 1114 552 plurimi
1136 447 1318 526 deberent
1337 447 1451 524 :ioca
1478 464 1596 552 atque
1621 443 1717 520 seria
1743 467 1822 516 cum

429 569 672 649 humillumis
689 599 815 678 agere:
839 572 882 646 in
896 573 1073 676 operibus
1084 553 1149 660 ,in
1166 573 1315 678 agmine
1330 590 1443 676 atque
1462 571 1511 648 ad
1529 569 1672 676 vigilias
1688 565 1823 678 multus

429 697 577 776 adesse:
609 721 735 800 neque
765 694 937 788 interim,
962 694 1069 797 quod
1094 722 1209 800 prava
1235 695 1393 771 ambitio
1422 695 1534 784 solet,
1559 693 1732 770 Consulis
1764 704 1824 764 aut

430 821 658 923 cuiusquam
676 819 770 896 boni
796 820 939 895 samam
955 819 1114 894 laedere:
1141 819 1405 898 tautummodo
1431 845 1556 922 neque
1575 815 1735 894 consilio
1767 841 1823 888 ne

430 969 506 1046 que
533 971 651 1018 manu
672 943 839 1046 priorem
862 943 984 1017 aliurn
1010 942 1090 1046 pati
1112 975 1119 1016 :
1144 943 1343 1048 plerosque
1370 943 1595 1018 antevenire.
1648 938 1746 1038 Quis
1771 965 1820 1012 re-

380 1098 418 1159 97
431 1068 503 1144 bus
531 1083 570 1143 et
603 1067 748 1142 artibus
773 1066 878 1142 brevi
907 1067 1031 1140 Mario
1063 1065 1323 1168 militibusque
1352 1065 1575 1140 carissumus
1603 1065 1735 1140 sactus.
1783 1067 1824 1136 At

428 1189 636 1298 Iugurtha,
651 1206 853 1295 postquem
873 1191 1062 1296 oppidum
1095 1193 1254 1294 Capsam
1283 1189 1450 1292 aliosque
1475 1189 1574 1263 locos
1600 1177 1769 1264 munitos
1793 1205 1824 1263 et

425 1317 500 1392 sibi
529 1315 662 1402 utiles,
693 1313 809 1388 simul
834 1331 873 1390 et
906 1339 1083 1418 magnam
1114 1311 1318 1418 pecuniam
1341 1313 1534 1402 amiserat,
1557 1313 1606 1386 ad
1640 1312 1822 1388 Bocchum

379 1453 384 1460 ’
428 1439 591 1519 nuncios
620 1437 758 1526 mittit,
791 1463 911 1540 quam
940 1439 1111 1543 primum
1137 1438 1179 1512 in
1208 1436 1430 1512 Numidiam
1455 1437 1580 1540 copias
1605 1437 1823 1512 adduceret:

428 1562 553 1666 praelii
583 1561 756 1636 faciundi
790 1576 937 1664 tempus
975 1561 1108 1637 adesse.
1160 1561 1286 1659 Quem
1315 1560 1384 1636 ubi
1415 1561 1588 1636 cunctari
1618 1561 1767 1666 accepit
1793 1577 1823 1634 et

426 1686 591 1761 dubium
605 1685 697 1760 belli
716 1701 832 1787 atque
850 1684 954 1788 pacis
977 1681 1329 1760 rationestrahere:
1348 1710 1494 1774 rursus,
1512 1685 1571 1759 uti
1587 1701 1722 1776 antea,
1737 1712 1824 1789 ‘pro-

425 1835 559 1885 xumos
579 1809 660 1884 eius
688 1807 799 1884 donis
829 1807 1061 1911 corrumpit,
1089 1807 1235 1912 ipsique
1258 1809 1395 1883 Mauro
1417 1807 1621 1912 pollicetur
1641 1810 1822 1884 Numidia

411 1931 765 2036 ,partemtertiam
796 1930 828 2006 si
861 1947 931 2006 aut
955 1933 1117 2007 Romani
1142 1933 1269 2010 Africa
1295 1931 1461 2037 expulsi,
1487 1948 1555 2007 aut
1577 1932 1734 2038 integris
1756 1933 1822 2008 suis

425 2059 589 2146 linibus,
613 2054 761 2130 bellum
786 2055 1038 2159 compositum
1060 2055 1165 2132 foret.
1209 2057 1265 2132 Eo
1298 2055 1454 2160 praemio
1477 2055 1639 2132 inlectus
1663 2055 1822 2133 Bocchus
1881 2159 1882 2162 Ἴ

425 2209 515 2259 cum
530 2206 667 2284 magna
688 2177 938 2254 multitudine
961 2179 1186 2284 Iugurtham
1207 2179 1359 2254 accedit.
1398 2183 1454 2256 Ita
1469 2182 1671 2256 amborum
1693 2181 1821 2258 exerci-

426 2324 475 2383 tu
486 2307 710 2394 coniuncto,
734 2303 902 2378 Marium
923 2304 1000 2379 iam
1021 2305 1062 2380 in
1083 2303 1575 2408 hibernanproliciscentcm,
1602 2305 1664 2380 vix
1685 2307 1818 2382 decima

424 2447 533 2535 parte
564 2427 626 2504 die
654 2425 827 2529 reliqua,
848 2428 1055 2518 invadunt,
1094 2427 1167 2502 rati
1196 2445 1365 2518 noctem,
1395 2455 1482 2532 qtsoe
1510 2429 1586 2503 iam
1615 2429 1765 2519 aderat,
1788 2445 1818 2504 et

425 2554 533 2630 victis
557 2551 629 2626 sibi
658 2551 899 2626 munimento
923 2551 1022 2643 fore3
1047 2569 1100 2643 et,
1125 2552 1157 2627 si
1186 2552 1377 2642 vicissent,
1402 2551 1512 2627 nullo
1536 2552 1816 2656 impedimento,

427 2680 518 2780 quia
547 2677 720 2750 locorum
747 2674 904 2750 scientes
928 2691 1063 2752 erant:
1090 2692 1222 2764 contro
1248 2675 1424 2749 Romanis
1455 2680 1663 2778 utrumque
1700 2706 1815 2753 casum

427 2799 654 2878 intenebris
686 2799 937 2876 difficiliorem
965 2798 1053 2874 fore.
1098 2799 1218 2902 igitur
1239 2797 1352 2873 simul
1379 2799 1519 2874 Consul
1551 2826 1597 2874 ex
1621 2801 1752 2876 multis
1775 2801 1814 2876 de

424 3027 463 3088 el>
478 3024 560 3086 nullo
577 3041 678 3106 repere
696 3021 765 3104 Τις.
785 3020 882 3082 Turis.
905 3041 1002 3102 supr.
1024 3021 1106 3084 Febr.
1120 3042 1144 3087 ι.
1165 3043 1205 3082 m.
1221 3043 1266 3104 pr.
1285 3021 1447 3087 2.'Vrat.3.
1469 3021 1535 3083 Ere.
1557 3023 1655 3092 Guell'.
1671 3027 1701 3098 4.
1716 3047 1760 3094 ιο,
1773 3047 1810 3086 ιι,
1879 3037 1880 3102 l

422 3133 553 3214 pnbrem
563 3131 664 3192 olium.
684 3128 777 3188 olium
796 3147 857 3186 om.
876 3125 990 3185 Fabric.
1011 3125 1111 3204 quibus
1125 3127 1207 3186 reuss
1226 3136 1253 3186 et
1268 3127 1383 3187 ortibus
1396 3127 1480 3188 brevi.
1492 3129 1532 3187 ito
1545 3133 1646 3212 vulgo.
1665 3133 1729 3210 quis
1742 3131 1811 3191 rebus
1879 3103 1880 3183 l

425 3237 524 3298 Guelf.
535 3240 564 3298 ὅ.
582 3235 710 3312 (omissis
722 3241 751 3290 et
765 3229 897 3306 artibus.)
919 3229 1020 3308 quitus
1031 3230 1141 3289 ortibus
1158 3230 1262 3290 Frsnc.
1285 3231 1345 3290 duo
1353 3231 1489 3293 Putscbii.
1509 3233 1576 3294 libri
1592 3235 1683 3317 Cypr.
1700 3237 1809 3318 Popnus

423 3345 520 3422 pleros
542 3338 711 3398 antevenire
729 3337 813 3396 Bern.
831 3357 856 3400 r.
867 3335 1044 3412 sactussuit
1064 3336 1160 3396 Guols.
1174 3356 1199 3394 ι.
1211 3344 1251 3394 est
1272 3355 1373 3396 omncs
1386 3337 1462 3400 Risii
1480 3339 1624 3419 ignorant.

508 3466 581 3546 Cap.
596 3489 645 3547 97.
666 3469 784 3526 duceret
805 3463 950 3524 Commel.
972 3463 1120 3525 adducere
1139 3464 1236 3528 Guell.
1256 3487 1280 3524 ι.
1303 3467 1401 3526 Nomi.
1418 3467 1504 3525 Putat.
1522 3487 1547 3526 a.
1562 3491 1588 3548 7.
1610 3473 1745 3531 cunctari
1757 3493 1806 3529 on.

425 3591 501 3636 unos
514 3572 626 3630 Wsssii.
642 3568 783 3630 cunewn'
804 3569 914 3649 occepit
935 3578 964 3628 et
978 3571 1047 3630 surb.
1068 3569 1135 3630 vin.
1158 3569 1218 3628 llos.
1240 3591 1263 3628 ι.
1288 3569 1376 3628 Acad.
1397 3569 1479 3652 Berg.
1500 3569 1596 3631 Gueli.
1613 3573 1642 3634 3.
1660 3595 1807 3654 prorutus:
1842 3557 1845 3562 ¹

425 3680 592 3758 eiuslpron.
613 3697 674 3733 om.
696 3673 806 3736 Febric.
826 3674 904 3734 Vrat.
920 3694 948 3732 2.
969 3675 1100 3754 corrupit
1120 3677 1252 3735 meliores
1270 3673 1395 3733 Gruteri.
1417 3675 1589 3740 Mork.1·.A.
1610 3677 1730 3741 inlectus
1754 3681 1803 3739 Bas

428 3805 455 3844 1.
475 3781 584 3861 ipseipse
595 3779 714 3839 Boccho
733 3777 813 3838 Leid.
828 3777 961 3859 (ιαὼς.
978 3776 1134 3842 1ι.ἰ.ηι,υ.
1161 3781 1247 3838 etiarn
1273 3778 1365 3838 Cortii
1388 3780 1509 3860 aliquot.
1541 3779 1596 3860 ipsi
1610 3781 1654 3842 M.
1669 3785 1734 3868 Τις.
1754 3796 1805 3844 ter·
1877 3845 1878 3876 ,

424 3888 498 3949 tiam
515 3893 631 3966 partem
650 3881 750 3952 ΒΜ.
771 3879 840 3962 Teg.
859 3880 956 3940 Turis.
978 3883 1061 3946 Bern.
1084 3905 1108 3942 ι.
1124 3883 1190 3942 oia
1205 3883 1319 3942 decimo
1333 3893 1418 3966 parte
1435 3883 1483 3942 ‹lie
1506 3885 1615 3963 reliqua
1636 3888 1731 3976 (lucil.
1745 3897 1802 3968 ip.
1877 3907 1878 3955 l

429 4015 474 4054 n.
501 3985 921 4052 Leid.a.b.c.d.e.k.1.m.
943 3987 995 4046 esr.
1025 3987 1090 4046 Aut.
1118 3987 1193 4047 Geli.
1212 4009 1241 4068 9.
1260 3990 1306 4058 sl.
1335 3989 1425 4048 Mark⁴
1437 3999 1476 4051 ·Λ.
1498 4011 1544 4060 m,
1554 4013 1598 4070 pr.
1621 3993 1802 4075 Popuroeom·

424 4121 484 4166 nes.
504 4107 533 4158 et
553 4094 637 4157 victis
657 4093 719 4152 Bas.
731 4113 756 4150 ι.
778 4095 879 4150 Franc.
900 4091 960 4150 inc.
979 4113 1003 4150 ι.
1026 4091 1109 4150 licm.
1129 4093 1224 4153 Struv.
1240 4092 1319 4176 Berg.
1335 4093 1431 4153 Guell.
1447 4115 1491 4152 ιω.
1514 4095 1588 4153 nulli
1600 4097 1705 4176 imperi.
1719 4101 1800 4160 Guell.

427 4229 456 4291 7.
476 4204 563 4286 diffie.
576 4219 634 4262 esse
656 4196 803 4258 Fabrica-
823 4195 924 4257 insert.
940 4214 968 4254 a.
981 4194 1087 4256 Υΰιιοῑί.
1101 4219 1145 4257 ιι.
1161 4217 1216 4256 sn..
1227 4214 1281 4258 nec
1295 4199 1368 4274 sote
1383 4219 1439 4258 nee
1455 4219 1518 4260 esse
1532 4217 1692 4282 agnoscunt
1710 4207 1767 4268 sen.
1779 4227 1797 4264 ι.
