3850 4867
362 329 434 382 100

360 483 596 579 obtinuerat,
620 485 721 564 inter
732 485 960 593 Iugurtham
980 503 1020 566 et
1030 486 1291 566 'Adherbalem
1312 489 1549 581 dividerent3
1572 482 1678 559 cuius
1698 479 1755 554 le·

360 608 521 713 gationis
548 611 725 716 princeps
745 610 821 687 fuit
839 615 878 687 1.
895 612 1090 717 Opimius,
1114 612 1230 691 homo
1247 616 1372 690 clarus
1391 631 1430 689 et
1450 629 1534 687 tum
1558 609 1600 684 in
1614 609 1757 682 Senatu

362 749 514 836 potens:
541 736 632 837 quia
656 734 807 826 consul,
835 739 873 811 C.
898 735 1074 811 Graccho
1094 751 1133 810 et
1149 739 1200 811 M.
1218 738 1354 813 Fulvio
1378 737 1514 812 Flacco
1534 728 1756 816 interfectis,

360 881 555 933 acerrume
573 858 773 956 victoriam
792 843 1003 934 nobilitatis
1021 860 1062 934 in
1083 860 1234 964 plebem
1252 876 1477 937 exercuerat
1506 861 1608 934 Eum
1623 859 1757 958 Iugur·

362 979 428 1054 tha
454 981 600 1056 tametsi
616 984 744 1056 Roma:
761 982 804 1056 in
826 982 956 1057 amicis
976 981 1183 1078 babuerat3
1207 1001 1334 1060 tamen
1357 982 1638 1060 adcuratissime
1655 1004 1755 1052 reee-

361 1104 446 1208 pit:
467 1105 594 1182 dando
607 1122 649 1188 ,et
664 1105 915 1209 pollicitando
936 1106 1058 1180 multa
1085 1107 1265 1211 perfecit;
1279 1109 1338 1183 uti
1359 1108 1482 1197 fama,
1505 1106 1597 1196 fide,
1617 1118 1757 1208 postre-

361 1255 424 1303 mo
445 1229 621 1304 omnibus
641 1230 716 1304 suis
736 1229 847 1304 rebus
867 1229 1110 1306 commodum
1133 1232 1229 1335 ragis
1248 1231 1458 1307 anteferret.
1508 1231 1685 1332 Reliquos
1704 1227 1757 1301 le-

361 1367 464 1456 gatos
488 1353 619 1429 eadem
641 1354 701 1430 via
728 1351 940 1457 adgressus,
972 1354 1171 1457 plerosque
1202 1355 1323 1459 capit:
1351 1354 1482 1458 paucis
1500 1354 1624 1428 carim
1646 1351 1756 1445 lidos,

363 1503 480 1577 quam
503 1477 664 1580 pecunia
691 1476 774 1551 fuit.
824 1481 870 1551 In
900 1477 1104 1566 divisione,
1130 1505 1215 1580 quae
1242 1505 1328 1582 pars
1354 1478 1543 1553 Numidiae
1574 1477 1757 1550 Maurita-

368 1600 474 1674 niam
507 1601 689 1705 adtingit,
712 1627 802 1705 agro
831 1600 996 1703 virisque
1023 1601 1257 1704 opulentior,
1285 1601 1479 1706 Iugurtha:
1498 1601 1680 1676 traditur:
1713 1600 1758 1673 il-

368 1721 446 1796 lam
464 1723 620 1799 alteram
639 1725 761 1828 specie
788 1751 905 1825 quam
922 1749 993 1798 usu
1010 1725 1216 1827 potiorem,
1236 1752 1323 1827 quae
1351 1726 1565 1828 portuosior
1585 1742 1624 1800 et
1641 1723 1757 1800 adifi-

317 1845 430 1920 ociis
452 1847 569 1950 magis
593 1863 771 1922 exornata
792 1865 893 1936 erat,
917 1845 1111 1922 Adherbal
1131 1849 1300 1951 possedit.
1351 1851 1420 1924 Res
1446 1848 1638 1953 postulare
1657 1849 1757 1924 vide-

364 1985 427 2045 tur
445 1970 581 2046 Africae
599 1972 715 2046 situm
732 1971 862 2074 paucis
876 1997 1082 2074 exponere,
1099 1987 1137 2046 et
1157 1997 1217 2045 eas
1236 1989 1384 2076 gentes,
1400 1973 1631 2075 quibuscum
1649 1973 1757 2048 nobis

366 2094 511 2171 bellum
539 2111 607 2170 aut
631 2095 796 2169 amicitia
818 2095 913 2183 filit,
940 2093 1143 2198 adtingere.
1193 2095 1265 2168 Sed
1290 2121 1375 2198 quae
1406 2090 1560 2170 loca'et
1586 2096 1756 2170 nationes

366 2218 415 2294 ob
439 2219 602 2294 calorem
638 2235 707 2294 aut
725 2220 983 2322 asperitatem,
1010 2219 1100 2292 item
1125 2217 1347 2322 solitudines
1366 2219 1494 2294 minus
1518 2218 1755 2321 frequentata

364 2357 473 2438 sunt;
497 2345 544 2421 de
562 2345 591 2419 is
607 2341 713 2418 haud
727 2343 837 2418 facile
855 2359 1092 2446 compertum
1109 2342 1360 2417 narraverim:
1377 2346 1508 2418 'cetera
1523 2371 1641 2446 quam
1660 2371 1754 2448 pau·

366 2467 533 2544 cissumis
557 2468 755 2543 absolvam.
806 2471 853 2540 ln
878 2467 1063 2542 divisione
1089 2466 1190 2542 orbis
1213 2482 1320 2540 terrae
1348 2464 1520 2570 plerique
1545 2467 1586 2541 in
1612 2473 1758 2571 partem

369 2590 517 2664 tertiam
542 2590 708 2666 Africam
728 2616 906 2692 posuere:
932 2592 1045 2693 pauci
1067 2589 1332 2665 tantummodo
1352 2591 1479 2665 Asiam
1503 2607 1541 2666 et
1565 2593 1759 2697 Europam

367 2737 461 2802 esse,
478 2711 541 2788 sed
558 2713 725 2790 Africam
746 2714 788 2789 in
812 2716 975 2817 Europa.
1012 2716 1066 2790 Ea
1086 2713 1172 2789 linis
1189 2711 1306 2788 hahet
1322 2714 1371 2787 ab
1392 2714 1599 2790 Occidente
1619 2716 1760 2790 fretum

368 2835 487 2910 nostri
506 2837 619 2911 maris
640 2854 678 2911 et
699 2837 859 2928 Oceani,
886 2838 935 2912 ab
957 2853 1046 2913 ortu
1060 2839 1146 2913 solis
1160 2837 1342 2914 declivem
1358 2837 1623 2914 latitudinem:
1646 2867 1762 2944 quem

367 3035 463 3101 Guell.
478 3056 504 3096 a.
525 3035 637 3096 Leidl.
659 3035 727 3115 quia
748 3035 831 3096 Fabr.
849 3057 874 3094 ι.
896 3037 956 3096 Bas.
977 3057 1002 3096 1.
1022 3037 1089 3096 Sen.
1111 3059 1136 3096 ι.
1156 3035 1240 3096 Ilem.
1257 3056 1284 3096 a.
1306 3035 1402 3096 Guell.
1416 3037 1444 3096 3.
1471 3037 1552 3102 [eid.
1570 3035 1601 3098 lr.
1614 3038 1635 3102 i.
1651 3041 1725 3099 Ι.ἰιι.
1739 3060 1760 3099 ιι

365 3139 433 3207 Nar.
452 3139 550 3202 Turic.
573 3160 669 3222 mpr.
701 3139 869 3200 Bern.1.5.
890 3141 942 3220 qui
957 3142 1158 3202 etconsulibus
1186 3145 1274 3224 longe
1286 3143 1418 3222 plurimi.
1446 3161 1530 3221 quem
1546 3141 1612 3223 lug.
1632 3143 1712 3204 Laid.
1728 3147 1760 3205 d.

365 3247 424 3308 Erl.
448 3245 562 3308 Gracco
581 3247 713 3327 plerique
728 3255 756 3304 et
771 3246 875 3326 optimi
889 3245 967 3306 libri.
988 3247 1021 3305 in
1035 3246 1162 3307 inimica
1181 3247 1326 3307 Commel.
1347 3246 1499 3308 inimicior
1520 3248 1608 3308 Palat
1624 3272 1652 3331 7.
1671 3251 1762 3330 polli-

367 3351 488 3412 citando
498 3351 584 3410 Fabr.
600 3371 624 3416 ι.
643 3350 711 3410 vin.
729 3369 756 3414 a.
777 3350 836 3410 inc.
852 3370 877 3409 ι.
896 3351 992 3412 Strnv.
1013 3350 1110 3410 Guell.
1125 3373 1153 3432 7.
1168 3372 1214 3410 ιι.
1234 3353 1366 3417 Maris.
1383 3352 1550 3434 pollicendo
1558 3357 1654 3415 ceteri.
1669 3355 1763 3416 medo

368 3477 428 3519 om.
448 3455 545 3515 Guels.
560 3479 589 3538 7.
609 3455 712 3518 Franc.
733 3453 990 3532 Leidensem,
1001 3457 1068 3530 fide
1085 3455 1153 3514 Nar.
1174 3455 1320 3517 Commel.
1338 3457 1405 3522 Sen.
1422 3479 1447 3523 1.
1461 3457 1523 3518 Bas.
1534 3480 1560 3518 ι.
1574 3459 1762 3544 Fabraterq.

367 3559 399 3624 B.
416 3559 488 3618 Pub.
509 3558 606 3622 Pemb.
627 3557 725 3619 Turic.
745 3557 828 3618 Bern.
839 3558 868 3619 3.
889 3560 949 3618 duo
963 3559 1047 3618 Paris.
1068 3562 1186 3636 same,
1196 3563 1262 3636 fida
1289 3561 1371 3622 Leid.
1381 3585 1408 3623 a.
1421 3585 1447 3624 e.
1462 3562 1491 3623 d.
1502 3585 1531 3647 g.
1540 3566 1561 3623 i.
1575 3565 1603 3625 k.
1614 3569 1635 3625 l.
1646 3567 1762 3644 same,

357 3664 437 3742 fidei
454 3665 550 3730 ceteri.
577 3661 799 3724 Maureteneom
829 3661 890 3724 Bas.
905 3685 930 3729 1.
956 3684 1030 3744 agro
1044 3663 1114 3725 viris
1138 3669 1233 3728 Strav.
1252 3665 1349 3728 Guell'.
1363 3687 1390 3727 a.
1405 3669 1433 3740 Α.
1451 3688 1498 3729 ιι.
1525 3670 1591 3730 usati
1617 3669 1713 3737 Guelf.
1731 3673 1761 3738 6.

365 3769 483 3836 Vrsa&
503 3769 571 3830 Nar.

449 3895 522 3980 Cap.
545 3919 591 3980 ¹7·
620 3895 685 3957 curu
707 3897 806 3977 paribus
825 3897 909 3958 Faba.
922 3918 949 3957 a.
969 3897 1064 3960 Strnr.
1084 3899 1144 3960 ine.
1163 3920 1188 3958 ι.
1208 3900 1275 3960 Sea.
1288 3919 1314 3960 a.
1335 3899 1435 3960 lleuss.
1455 3901 1592 3975 Guelll.
1608 3926 1635 3985 7.
1655 3903 1761 3968 bellum

367 4003 476 4065 amicit.
497 4003 566 4068 Tur.
587 4002 652 4063 loco
663 4002 796 4062 nationes
815 4001 911 4061 Guell.
927 4023 973 4061 ιι.
999 4001 1084 4067 Bodl.
1104 4012 1132 4062 et
1148 4014 1210 4064 not.
1231 4026 1291 4070 om.
1311 4004 1377 4066 Ecc.
1395 4006 1595 4085 frequentate
1612 4010 1709 4070 senat.
1733 4030 1763 4072 a.

366 4111 445 4174 Vrat.
458 4128 485 4174 a.
506 4108 606 4167 Hense
626 4107 695 4167 deis
712 4105 809 4166 Goels.
823 4107 851 4178 4.
867 4106 895 4166 6.
923 4106 956 4166 in
973 4116 1088 4187 parton
1110 4107 1227 4167 tertiam
1247 4108 1392 4171 Commel.
1412 4112 1472 4172 inc.
1488 4132 1515 4172 a.
1535 4111 1640 4174 Franc.
1660 4112 1759 4184 Gnelt

368 4217 396 4286 k.
409 4213 437 4274 6.
453 4231 498 4278 12.
518 4211 598 4272 leid.
613 4210 643 4270 b.
658 4233 698 4272 m.
713 4194 803 4272 Rern.
814 4232 840 4284 r,
858 4209 976 4292 August.
992 4208 1027 4268 C.
1038 4209 1075 4268 l).
1094 4211 1146 4285 16,
1165 4232 1211 4293 17.
1233 4213 1293 4273 duo
1310 4214 1395 4275 Paris.
1415 4215 1527 4297 Europ.
1540 4237 1604 4282 esse.
1625 4236 1683 4278 esse
1697 4237 1761 4286 om.

366 4323 424 4384 inc.
445 4338 471 4380 ι.
490 4317 570 4390 Vrat,
579 4315 610 4376 3.
629 4315 709 4377 Laid.
721 4339 747 4376 a.
762 4313 793 4375 b.
815 4315 918 4376 mala
934 4313 1094 4393 adpellant.
1114 4315 1219 4377 ὑωοὶω
1238 4336 1297 4384 οιιι.
1318 4317 1415 4382 Gnell.
1431 4343 1476 4383 ιι.
1496 4321 1611 4407 Regius.
1645 4323 1766 4386 arbori·
