3850 4867
1542 349 1581 398 ΣΙ

177 512 243 589 sed
264 511 322 587 rel
342 510 458 585 11111111
477 508 567 585 libri
586 534 723 612 magna
741 507 997 584 inconstantia
1019 524 1057 583 et
1073 508 1208 614 saepius
1227 505 1425 611 antiquior
1446 504 1581 595 forma,

176 660 295 739 quam
321 636 476 725 dicunt,
503 662 524 708 a
544 633 710 709 secunda
731 660 852 708 manu
869 632 1032 736 reposita
1052 648 1114 707 est
1149 632 1394 708 Accmativus
1405 628 1582 735 pluralis,

175 759 219 835 in
241 765 272 835 is
299 759 428 849 flexus,
449 756 572 832 rarius
597 757 751 863 legitur,
778 784 896 860 quare
916 754 1020 833 hanc
1049 756 1213 833 somnam
1232 756 1378 859 ubique
1397 780 1581 859 reponere

175 910 389 960 nonnosus
414 910 519 976 sum3
542 908 667 987 neque
689 882 902 985 putaverim
929 872 1059 955 omnia
1083 882 1260 970 nomina,
1285 907 1454 985 quorum
1477 878 1581 985 geni·

176 1009 274 1084 tirus
302 1007 462 1112 pluralis
489 1008 529 1083 in
550 1014 623 1083 ium
647 1007 812 1097 desinat,
837 1007 891 1082 ita
915 1007 1064 1108 ubique
1089 1032 1164 1081 esse
1183 1005 1417 1080 inclinanda.
1467 1007 1581 1080 Recte

174 1132 280 1209 enim
301 1131 374 1206 1111
398 1130 445 1208 de
462 1158 504 1207 re
523 1131 741 1237 praecepisse
763 1131 861 1207 mibi
880 1130 1033 1207 videtur
1051 1128 1226 1206 Valerius
1245 1128 1408 1218 Probus,
1431 1128 1500 1232 qni
1513 1127 1580 1204 'in-

176 1272 386 1360 terrogatus
400 1260 514 1333 hasne
531 1256 631 1334 urbis
652 1284 703 1331 an
718 1259 787 1332 has
806 1254 915 1332 urbes
932 1255 1010 1331 dici
1030 1269 1239 1359 oporteret3
1265 1253 1316 1345 „si
1337 1269 1407 1329 aut
1419 1277 1580 1342 versum,

178 1381 324 1483 inquit,
349 1381 503 1484 pangis,
529 1396 598 1455 aut
622 1380 834 1456 orationem
849 1380 1016 1456 solutam
1036 1378 1169 1470 struis,
1191 1396 1308 1483 atque
1326 1406 1370 1455 ea
1394 1378 1508 1454 verba
1522 1376 1580 1452 di-

175 1503 296 1579 cenda
327 1520 447 1595 sunt,
483 1531 564 1578 non
596 1503 786 1579 finitiones
816 1504 899 1579 illas
928 1503 1201 1610 praerancidas,
1233 1530 1359 1607 neque
1382 1502 1579 1577 laecutinas

174 1627 438 1733 grammaticas
457 1627 690 1731 spectaveris,
707 1628 773 1703 sed
786 1652 919 1705 aurem
937 1645 1046 1704 tuam
1058 1629 1265 1734 interroga,
1289 1655 1368 1731 quo
1384 1622 1481 1732 quid
1495 1626 1579 1702 loco

176 1752 380 1827 conveniat
397 1751 543 1844 dicere;
570 1750 676 1853 quod
698 1751 764 1826 illa
782 1752 957 1842 suaserit,
980 1752 1022 1827 id
1046 1751 1217 1858 profecto
1235 1752 1495 1860 rectissimum.
1512 1751 1579 1848 *γ’

177 1874 290 1971 Unde
307 1890 413 1980 patet
431 1901 511 1949 non
534 1874 649 1950 modo
675 1876 854 1979 antiquos
867 1877 1043 1966 Criticos,
1056 1875 1120 1951 sed
1146 1877 1243 1979 ipsos
1268 1892 1440 1951 auctores
1459 1874 1580 1949 maxi-

176 2027 238 2078 me
251 2000 301 2077 ad
317 2001 471 2075 aurium
483 1999 670 2075 iudicium
683 1998 764 2075 11111
777 2000 954 2077 retulisse.
979 2003 1078 2076 Nam
1089 2000 1222 2076 eodem
1236 2000 1322 2075 loco
1337 2000 1486 2103 aliquot
1497 2027 1580 2075 ver·

176 2151 239 2201 sus
264 2153 310 2200 ex
326 2124 477 2228 Virgilii
494 2124 728 2199 carminibus
750 2123 981 2216 laudantur,
1001 2124 1069 2199 ubi
1091 2140 1129 2199 et
1146 2152 1184 2199 as
1201 2142 1240 2200 et
1255 2132 1287 2199 is
1301 2126 1344 2199 in
1365 2125 1579 2201 accusativo

176 2249 321 2354 plurali
341 2250 555 2353 promiscue
570 2248 691 2353 posita
703 2265 808 2338 sunt,
823 2249 932 2324 nulla
951 2248 1027 2324 1111
1047 2249 1182 2325 iudicii
1198 2248 1428 2345 subtilitate,
1442 2249 1517 2326 nisi
1535 2266 1582 2325 ut

176 2374 263 2451 soni
284 2374 508 2449 suavitatem
533 2390 571 2448 et
601 2372 797 2478 propriam
818 2373 860 2448 in
886 2399 1120 2476 quocunque
1137 2374 1239 2449 vocis
1264 2374 1341 2449 situ
1362 2373 1581 2450 iucundita-

179 2517 258 2575 tem
274 2512 532 2600 sequerentur.
576 2498 707 2599 Neque
727 2497 1081 2600 antiquissimarum
1109 2496 1405 2603 inscriptionum
1434 2498 1581 2575 diversa

179 2622 373 2712 ostresio,
395 2622 634 2711 ubiclasses,
657 2622 1080 2719 classIs,closseis(acc
1104 2622 1228 2726 plur.)
1254 2623 1412 2697 variant
1451 2624 1584 2727 Neque
1710 2649 1714 2668 ·

180 2747 398 2853 negaverim
426 2762 554 2821 nostra
571 2763 680 2821 aetate
697 2747 852 2823 aurium
871 2746 1060 2823 iudicium
1077 2774 1217 2851 parum
1236 2764 1381 2823 certem
1401 2774 1476 2823 esse
1492 2775 1582 2823 nor-

179 2900 284 2948 mam
307 2871 505 2975 scripturae
520 2869 763 2967 (nostrorum
784 2871 888 2945 enim
911 2868 1117 2946 hominum
1137 2896 1247 2947 aures
1269 2898 1349 2948 non
1373 2872 1462 2947 satis
1484 2874 1583 2947 tritae

181 3013 298 3101 atque
326 2993 531 3098 religiosae)
558 2990 645 3084 sed,
669 2994 791 3069 donec
816 2977 946 3099 regula
970 2994 1124 3099 aliqua,
1170 2995 1221 3070 ad
1252 3024 1370 3099 quam
1395 2984 1584 3073 iudicium

181 3123 386 3227 dirigatur,
414 3118 567 3194 inventa
585 3117 652 3207 sit,
677 3118 880 3194 meliorum
896 3118 1086 3195 librorum
1107 3122 1372 3196 auctoritatem
1388 3148 1519 3197 censeo
1532 3149 1585 3199 es-

180 3273 221 3323 se
240 3243 433 3321 tuendam.
485 3240 607 3315 Aliter
630 3244 674 3314 V.
707 3241 760 3317 Cl.
792 3240 967 3317 Niebuhr
993 3246 1133 3319 sentire
1163 3245 1334 3335 videtur,
1360 3247 1492 3349 quiin
1516 3275 1584 3324 an-

184 3368 395 3472 tiquissimo
419 3366 608 3441 Vaticano
636 3363 794 3457 Codice,
818 3367 1077 3442 accusativum
1100 3368 1291 3471 pluralem
1318 3396 1474 3464 vocum,
1498 3400 1585 3475 quae

178 3492 393 3598 genitivum
416 3490 457 3563 in
476 3495 548 3563 ium
576 3487 747 3580 flectant,
773 3490 950 3566 omnibus
975 3490 1054 3566 fere
1077 3492 1167 3567 locis
1193 3494 1383 3595 (quatuor
1402 3497 1585 3601 exceptis)

185 3624 218 3693 is
233 3616 418 3720 scriptum
436 3638 510 3688 esse
533 3614 685 3688 notavit.
695 3613 758 3712 *11)
785 3614 857 3689 Sed
867 3614 1061 3690 scribendi
1079 3617 1237 3716 ratione,
1253 3644 1340 3723 quae
1362 3619 1403 3695 in
1420 3647 1500 3696 uno
1518 3624 1588 3697 Co·

187 3740 272 3815 dice
290 3756 361 3829 est,
396 3736 499 3811 hanc
524 3752 740 3811 contortam
767 3736 1079 3842 disceptationem
1101 3740 1152 3834 ad
1173 3741 1347 3817 lucidum
1371 3770 1477 3848 posse
1500 3774 1587 3849 per·

183 3862 454 3953 1111111111111111,
479 3860 623 3937 1111111111
647 3861 896 3941 Ciceroniana
922 3862 1195 3971 orthographia
1226 3866 1277 3945 ad
1303 3869 1587 3951 emendandum

184 4088 219 4169 *J
248 4090 301 4155 cl'r.
321 4085 388 4149 lut
407 4086 486 4148 cell.
504 4085 546 4161 3,
570 4106 616 4167 ¹9·

186 4210 236 4291 ss)
257 4208 458 4274 claudicem
479 4210 512 4269 in
535 4205 685 4269 Ciceronis
702 4204 793 4269 libros
812 4207 849 4269 da
869 4206 1032 4293 Republica
1051 4207 1220 4293 ablegato
1239 4208 1319 4274 uuo
1338 4213 1440 4277 editos.

1095 4330 1121 4387 u
1187 4376 1190 4379 ,
