3850 4867
1458 330 1531 408 265

144 508 274 585 mentia
299 510 502 617 imperium
531 530 801 619 temperavere,
833 512 893 591 bis
917 514 1002 589 laeta
1022 531 1062 589 et
1081 511 1245 589 candida
1274 509 1403 588 oninia
1432 510 1532 605 visa;

141 629 248 707 etiam
263 633 385 711 bootes
403 636 585 739 aequiores
602 664 720 740 quam
742 637 826 713 aliis
846 638 951 713 cives
986 637 1103 713 Haud
1120 638 1218 727 scio,
1235 663 1286 710 an
1303 634 1372 737 qui
1389 640 1450 709 me'
1467 630 1531 707 his

139 752 242 831 dictis
267 774 530 863 corruptorem
560 760 726 835 victoriae
749 777 823 835 tute
848 761 1039 863 nimisque
1066 761 1108 835 iu
1132 759 1250 836 victos
1270 758 1372 833 bona
1392 755 1530 833 volun·

139 890 209 954 tate
224 882 455 983 praedicentl
484 882 634 963 Scilicet
651 881 830 985 quodea,
854 909 940 985 quoe
958 884 1122 959 externis
1138 882 1360 959 nationibus
1372 896 1528 972 natura,

136 1000 465 1115 [nobithostibus
492 1032 638 1109 nosque
658 1006 895 1107 maioresque
916 1006 1036 1081 nostri
1056 1031 1154 1109 saepe
1171 1006 1356 1095 tribuere,
1380 1032 1424 1081 ea
1439 1004 1531 1081 uivi-

134 1124 202 1201 bus
234 1128 362 1205 danda
388 1130 575 1225 arbitror3
608 1155 734 1233 neque
749 1128 950 1204 barbarico
973 1129 1053 1204 ritu
1078 1128 1180 1204 caede
1211 1128 1354 1204 credam
1377 1145 1417 1204 et
1441 1154 1531 1203 san·

99 1280 104 1292 ·
134 1250 284 1353 guinem
301 1254 488 1359 sanguine
508 1251 706 1357 expianda.
744 1254 805 1329 An
827 1252 914 1342 illa,
935 1256 1023 1355 quae
1040 1252 1173 1356 paullo
1186 1268 1277 1328 ante
1287 1250 1362 1327 hoc
1378 1252 1554 1333 belluml

134 1370 176 1447 in
194 1375 258 1449 Cn.
281 1377 505 1481 Pompeium
528 1376 803 1481 victoriamque
824 1376 1026 1465 Sullanam
1045 1376 1363 1479 increpabantur,
1388 1376 1530 1451 oblivio

135 1492 364 1602 intercepit?
412 1500 650 1591 Domitium,
685 1500 917 1593 Carbonem,
942 1504 1121 1589 Brutum,
1145 1500 1239 1575 alios
1262 1499 1356 1575 item
1373 1526 1456 1575 non
1470 1526 1533 1573 ar-
1664 1536 1673 1543 ·

135 1634 265 1711 mutos,
290 1648 417 1726 neque
434 1621 477 1698 in
497 1623 630 1727 praelio
655 1623 747 1697 belli
779 1624 878 1714 iure,
905 1623 971 1699 sed
987 1639 1115 1727 postea
1134 1622 1325 1728 supplices
1346 1650 1416 1727 per
1429 1648 1533 1698 sum·

134 1766 240 1817 mum
259 1744 379 1820 scelus
402 1744 640 1821 interfectos:
669 1745 821 1851 plebem
848 1748 1059 1822 Romanam
1079 1747 1123 1822 in
1147 1746 1240 1821 villa
1266 1746 1442 1851 publica,
1466 1772 1531 1850 pe·

134 1866 228 1941 coris
249 1866 383 1957 modo,
407 1871 640 1945 conscissam
675 1872 762 1947 Heu
780 1898 898 1973 quam
914 1871 980 1945 illa
1001 1870 1150 1945 occulta
1169 1870 1312 1945 civium
1334 1870 1473 1945 funera
1493 1885 1534 1945 et

134 1990 340 2093 repentinae
366 1992 503 2086 caedes3
527 1993 569 2069 in
590 2010 796 2097 parentum
812 2009 881 2067 aut
905 1993 1115 2069 liberorum
1136 1993 1265 2067 sinum
1288 1993 1379 2096 fuga
1397 1991 1533 2067 mulie·

133 2138 220 2189 rum
240 2132 280 2191 et
293 2140 519 2217 puerorum3
541 2116 700 2192 vastatio
718 2115 922 2208 domuum,
939 2131 1029 2191 ante
1043 2117 1240 2218 portame
1264 2130 1301 2190 te
1311 2114 1529 2206 victoriam,

133 2258 225 2313 saeva
246 2255 363 2341 atque
389 2238 558 2315 crudelia
581 2243 708 2315 erant!
745 2239 805 2316 Ad
826 2265 913 2343 quae
940 2254 978 2314 te
1001 2239 1060 2313 illi
1092 2238 1209 2321 iidem
1234 2237 1465 2313 hortantur:
1491 2252 1532 2314 et

133 2360 273 2439 scilieet
297 2362 338 2438 id
358 2378 546 2439 certatum
565 2388 656 2454 esse,
683 2363 808 2439 utrius
829 2379 995 2439 vestrum
1017 2360 1177 2436 arbitrio
1198 2360 1351 2436 iniuriae
1377 2358 1531 2455 fiuent,
1617 2349 1621 2359 ¹

135 2509 257 2590 neque
282 2502 503 2589 receptam,
536 2486 602 2563 sed
628 2502 779 2590 captam
809 2514 831 2560 a
860 2502 897 2559 te
922 2485 1227 2590 rempublicam,
1260 2501 1300 2559 et
1327 2489 1530 2560 eacaussd

135 2610 317 2685 exercitus
338 2610 535 2715 stipendiis
549 2609 743 2700 confectis,
761 2625 935 2713 optumos
948 2623 987 2684 et
1009 2624 1239 2683 vetemumos
1257 2608 1444 2699 omnium,
1465 2606 1532 2684 ad-

135 2754 286 2808 vorsum
308 2732 441 2809 batres
464 2748 733 2837 parentesque,
758 2731 825 2805 alii
840 2731 996 2820 liberos,
1015 2730 1129 2805 armis
1147 2732 1395 2824 contendere;
1418 2748 1466 2808 ut
1485 2758 1534 2811 ex

137 2852 265 2933 alienis
288 2856 396 2931 malis
415 2855 623 2931 determmi
643 2854 819 2930 mortales
845 2852 970 2929 ventri
1000 2870 1116 2955 atque
1135 2853 1338 2957 profundae
1362 2855 1533 2932 lubidini

138 2995 307 3084 sumptus
323 2995 560 3082 quaererent,
584 2994 699 3080 atque
719 2994 841 3053 essent
860 2978 1065 3080 opprobria
1085 2978 1268 3067 victoriae,
1285 3006 1453 3081 quorum
1464 2962 1533 3054 lla·

138 3102 232 3207 gitiis
262 3104 606 3179 commacularetur
629 3104 821 3177 bonorum
856 3099 947 3173 laus.
994 3101 1125 3201 Neque
1149 3100 1253 3175 enim
1282 3118 1319 3176 te
1338 3100 1532 3203 preterire

138 3244 251 3329 puto,
270 3227 377 3329 quali
396 3227 557 3329 quisque
575 3251 711 3301 eorum
731 3249 836 3298 more
855 3238 923 3297 aut
942 3222 1144 3314 modestia,
1166 3224 1281 3298 etiam
1303 3241 1386 3300 tum
1412 3223 1531 3300 dubia

139 3350 308 3441 victoria,
331 3374 408 3425 sese
430 3348 594 3450 gesserit,
620 3372 774 3450 quoque
793 3344 907 3419 modo
932 3343 973 3416 in
991 3344 1084 3421 belli
1109 3346 1416 3423 administatione
1429 3372 1534 3422 scor.-

142 3486 176 3547 u
196 3490 264 3549 aut
280 3450 452 3549 convivia
473 3470 711 3545 exercuerint
725 3466 926 3554 nonnulli,
951 3493 1119 3568 quorum
1138 3484 1227 3547 aetas
1247 3494 1297 3544 ne
1317 3496 1386 3572 per
1407 3470 1532 3545 otium

142 3596 292 3696 quidem
314 3594 398 3670 telis
417 3591 621 3695 voluptatis
640 3591 720 3667 sine
740 3588 922 3664 dedecore
943 3589 1119 3692 attigerit,
1155 3591 1216 3664 De
1232 3588 1334 3666 bello
1349 3591 1438 3677 eatis
1447 3592 1560 3677 ,dic-5

144 3732 228 3797 tum
269 3722 329 3799 De
355 3742 448 3823 pace
477 3714 687 3807 firmanda,
714 3712 899 3815 quoniam
929 3727 1049 3813 tuque
1069 3728 1110 3796 et
1140 3738 1269 3789 omnes
1297 3713 1358 3793 tui
1383 3717 1534 3827 agitatis

145 3916 235 3979 mnu
252 3901 328 3967 brie.
349 3907 457 3959 notura
480 3894 561 3955 nobis
590 3892 738 3964 tonum,
766 3910 874 3970 noeque
895 3890 1073 3969 maioresque
1098 3892 1196 3951 Vatic.
1223 3903 1305 3955 retus
1324 3894 1426 3956 editio.
1452 3898 1536 3963 nob&

145 4006 226 4086 vulgo
238 4006 398 4067 ominum.
425 3998 598 4079 sanguinem
621 3996 764 4076 sangarim
785 3996 869 4067 Fabri
892 4004 921 4053 et
941 3993 1016 4055 Bric.
1035 4026 1078 4041 ·-·
1120 3991 1193 4075 Cap.
1213 3996 1243 4067 A.
1262 3996 1367 4059 oblicus
1386 3997 1534 4078 interfoeit

147 4124 240 4169 omnes
255 4109 333 4171 libri.
353 4105 458 4169 obliuio
474 4101 625 4182 intercepit
642 4101 767 4161 coniecit
786 4096 821 4157 A.
846 4097 966 4176 Popma,
996 4096 1089 4175 qualib
1110 4098 1226 4179 cecique
1250 4120 1353 4161 eorum
1371 4104 1412 4164 ric
1435 4103 1533 4175 Fabri.

148 4228 198 4273 tete
205 4212 345 4295 garriet
363 4210 454 4276 idem.
473 4240 515 4257 -
548 4202 621 4288 Cup.
639 4205 666 4267 5.
679 4202 771 4285 qula
784 4200 822 4262 u't
836 4202 874 4273 de
890 4220 946 4280 quo
960 4204 1109 4271 combas
1129 4224 1231 4267 omues
1244 4203 1322 4280 libri,
1346 4206 1396 4266 vel
1405 4217 1533 4268 concor*

1088 4336 1152 4426 δί
