3850 4867
1516 319 1580 410 ιιι

187 533 252 586 eoa
269 508 468 616 impeditor
494 508 609 590 ramis
631 508 813 586 arborum
829 517 946 609 atque
965 502 1017 580 ita
1045 501 1215 580 disiectos
1239 495 1505 577 circumveniri
1529 496 1587 572 ri-

187 633 303 772 dcut3
324 634 456 742 fugam
471 636 622 711 faciunt
638 667 647 708 ι
665 658 710 707 ac
734 627 927 734 plerique,
946 627 1100 702 abiectis
1118 627 1253 716 armis,
1268 626 1374 702 collis
1401 639 1471 701 aut
1494 646 1587 698 noo·

190 773 256 848 ,
280 785 370 861 quae
385 761 463 834 iam
483 758 639 849 aderat,
657 752 811 831 auxilio
822 751 970 856 integri
996 752 1149 827 abeunt.
1195 749 1402 854 Elephanti
1421 763 1588 851 quatuor

188 882 315 985 capti
333 883 472 986 reliqui
487 907 648 972 omnent,-
660 902 823 955 numero
843 874 1119 979 quadraginta,
1139 874 1337 952 interfecti.
1386 877 1437 948 At
1451 875 1588 946 Roma·

188 998 251 1087 ni
275 1026 514 1103 quamquam
535 999 671 1074 itinere
685 1016 802 1104 atque
816 1026 929 1103 opere
953 1015 1168 1074 castrorum
1181 1015 1230 1074 et
1227 997 1370 1140 ‘praelio
1389 996 1473 1072 sessi
1494 993 1592 1070 laeti-
1671 1071 1677 1079 ,

190 1149 269 1225 que
298 1138 595 1218 erant31amen‚
620 1122 726 1226 quod
746 1124 923 1200 Metellus
944 1123 1109 1228 amplius
1135 1122 1317 1227 opinione
1342 1121 1590 1207 morabatur,

63 1293 68 1300 ι
190 1244 371 1322 inatructi
398 1246 616 1349 intentique
639 1245 791 1323 obviam
808 1241 1033 1351 procedunt.
1080 1247 1179 1323 Nam
1201 1245 1591 1321 dolus-Numidarum
1650 1338 1654 1348 .

189 1368 294 1448 nihil
326 1370 500 1476 languidi
530 1396 656 1474 neque
686 1369 830 1446 remissi
862 1368 1089 1474 patiebatur.
1147 1371 1203 1446 Ao
1234 1369 1389 1473 primo,
1431 1369 1591 1472 obscura

190 1509 323 1584 nocte,
346 1493 551 1598 postquam
568 1492 676 1568 haud
698 1493 837 1598 procul
862 1492 965 1568 inter
984 1519 1022 1568 ee
1042 1509 1171 1584 erant,
1191 1495 1374 1598 strepitu,
1397 1492 1502 1568 velut
1523 1489 1595 1565 hoss

188 1631 264 1692 ster
285 1615 510 1708 adventare,
523 1616 640 1693 alteri
650 1617 762 1720 'apud
777 1616 914 1693 alteros
930 1615 1175 1694 formidinem
1190 1616 1306 1691 simul
1327 1633 1365 1692 et
1376 1615 1598 1691 tumultum

191 1738 349 1820 faeere:
386 1756 425 1817 et
455 1767 565 1845 paene
590 1741 850 1846 imprudentia
881 1741 1086 1817 admissum
1121 1739 1269 1816 facinus
1299 1740 1529 1830 miserabile,
1551 1739 1597 1815 ni·

191 1864 391 1970 utrimque
421 1863 603 1970 praemissi
629 1867 774 1969 equites
794 1893 876 1942 rem
899 1863 1200 1969 exploravissent
1249 1864 1372 1968 Igitur
1394 1891 1465 1968 pro
1489 1879 1595 1938 metu

190 2006 351 2095 repente
375 1989 561 2096 gaudium
578 2006 778 2081 exortum,
810 1988 1075 2074 militeafalitu
1107 1988 1228 2064 alium
1254 1987 1332 2063 laeti
1363 1986 1561 2092 adpellant
1585 1991 1595 2078 ,’

191 2130 280 2188 acta
302 2114 463 2191 edocent
481 2131 600 2217 atque
622 2113 819 2190 audiunt:
842 2137 911 2188 sua
934 2111 1096 2216 quisque
1118 2109 1231 2188 fortia
1256 2112 1356 2188 facta
1372 2113 1430 2188 ad
1453 2111 1595 2187 coelum

192 2235 278 2312 fert
329 2238 756 2343 Quipperee-humanae
780 2236 833 2311 ita
856 2261 933 2313 cese
954 2234 1127 2311 habent:
1152 2235 1195 2312 in
1218 2236 1375 2312 victoria
1404 2236 1463 2314 vel
1489 2236 1598 2340 igna-

193 2362 252 2438 vis
279 2361 434 2467 gloriari
459 2362 564 2453 licet,
587 2362 754 2438 advorsae
780 2386 838 2436 ree
858 2360 975 2434 etiam
998 2359 1118 2435 bonos
1148 2360 1370 2436 detractant.
1420 2360 1646 2451 Metellum

193 2484 241 2560 in
266 2486 384 2562 isdem
403 2487 531 2562 caetris
548 2484 757 2589 quatriduo
782 2499 969 2573 moratus,
986 2483 1132 2559 saucios
1148 2511 1237 2559 oum
1254 2511 1345 2560 cura
1362 2483 1503 2575 reficit,
1521 2509 1601 2559 rue-¹

192 2609 287 2686 ritos
309 2611 351 2684 in
372 2611 512 2716 praeliis
528 2636 637 2684 more
655 2608 803 2683 militiae
824 2606 969 2696 donat,
988 2607 1180 2683 universos
1195 2609 1243 2685 in
1265 2608 1450 2684 concione
1467 2607 1601 2684 laudat

194 2750 317 2835 atque
340 2735 417 2839 agit
446 2733 600 2838 gratiaa3
627 2730 806 2807 hortatur
834 2728 885 2804 ad
917 2744 1059 2818 cetera,
1086 2756 1173 2833 quae
1196 2731 1291 2808 levia
1329 2746 1437 2824 sunt,¹
1468 2759 1601 2838 parem

195 2856 372 2932 animum
393 2871 549 2962 gerant:
574 2881 645 2959 pro
671 2853 829 2930 victoria
851 2851 939 2927 satis
959 2851 1287 2958 impugnatum,
1312 2858 1477 2960 reliquos
1495 2855 1626 2948 labo‘-,

197 3094 267 3145 cent
274 3101 287 3157 j
302 3085 431 3146 audiunt
443 3085 550 3145 liuor.
565 3107 592 3144 ι.
611 3085 691 3148 Vrat.
702 3104 728 3147 2.
749 3084 954 3161 coelumferrc
975 3083 1034 3148 inc.
1047 3103 1075 3144 ι.
1096 3083 1208 3148 Fabrie'.
1220 3107 1246 3146 ι.
1267 3109 1308 3148 m.
1319 3109 1365 3170 pr.
1386 3085 1513 3148 Potachii
1525 3086 1602 3148 Cod.

194 3190 267 3250 Tur·
284 3209 339 3270 pro
357 3192 436 3251 varia
454 3193 520 3250 lect
539 3188 627 3248 habet
647 3188 756 3249 tollere.
769 3191 879 3265 senuit
890 3188 933 3247 ud
947 3187 1067 3248 eoelum
1076 3188 1201 3251 Leidxk.
1222 3193 1392 3253 detractant
1411 3193 1478 3252 Ece.
1498 3194 1603 3254 incert.⁴

193 3295 294 3357 souv.
315 3293 420 3355 Franc.
441 3293 561 3354 Vtat3.
581 3294 680 3357 lleuu.
707 3293 805 3352 Guell.
818 3313 846 3352 a.
860 3297 887 3355 3.
900 3312 992 3374 7.ἰι.
1008 3311 1055 3350 ιι.
1075 3293 1143 3353 Νιι.
1165 3317 1206 3355 ιιι.
1221 3318 1266 3377 pr.
1297 3297 1378 3362 Leid.
1396 3297 1426 3356 d.
1445 3295 1519 3358 e..h.
1536 3297 1563 3355 lr.
1581 3299 1602 3356 Ι.

197 3420 241 3458 m.
252 3419 285 3457 ιι.
300 3400 353 3460 οὓ.
371 3397 532 3460 Broulhua.
546 3398 584 3457 ad
601 3398 686 3478 Prop.
701 3397 741 3457 11.
763 3418 790 3456 ι.
812 3396 885 3463 Pier.
908 3397 947 3456 ad
965 3397 1045 3480 Virq.
1059 3396 1165 3478 Georg.
1183 3393 1214 3457 3.
1227 3395 1274 3477 57.
1304 3396 1390 3457 ceteri
1405 3395 1528 3457 'variant
1548 3393 1605 3454 do·

199 3513 328 3564 mont
341 3503 411 3563 Vin.
425 3524 451 3562 ι.
464 3501 562 3563 Guelf.
577 3524 602 3562 ι.
618 3506 716 3582 plures
726 3501 840 3564 Wasaii.
858 3501 928 3560 Tur.
950 3523 991 3560 m.
1001 3523 1046 3582 pr.
1066 3500 1115 3560 scd
1128 3502 1297 3561 detractant
1311 3509 1473 3561 correctum
1485 3508 1515 3560 ct
1528 3501 1605 3561 mola

197 3618 333 3669 tractent
344 3629 401 3690 pro
415 3613 508 3691 glotta
522 3608 713 3690 adscriptum.
742 3607 896 3667 timont
911 3605 973 3666 Bas.
988 3626 1015 3665 ι.
1035 3597 1120 3665 Rem.
1133 3624 1160 3663 a.
1180 3604 1302 3666 Leid.'e.
1315 3606 1346 3665 i.'
1356 3603 1389 3662 B.
1405 3603 1476 3664 Pub.
1506 3605 1606 3666 detro-

198 3723 267 3773 tont
287 3714 426 3785 GuelM.
448 3712 586 3776 Marklt.

282 3839 356 3922 Cup.
371 3843 420 3914 54.
440 3840 532 3902 udam
551 3842 610 3904 in'c.
630 3840 727 3900 Seuat.
741 3861 766 3899 ι.
787 3839 909 3905 Fabr.².
931 3838 1073 3904 Guelt3.‘
1095 3836 1208 3897 hedam
1222 3839 1355 3922 plerique
1370 3835 1467 3902 codd.
1487 3844 1520 3903 iu
1538 3848 1610 3928 qui-

198 3947 256 4007 bru
266 3945 349 4007 fabr.
362 3967 387 4004 ι.
406 3945 468 4004 Bar.
483 3964 508 4005 ι.
530 3945 631 4005 triduo
651 3943 765 4004 Leid'l.
787 3944 887 4005 triduo
902 3953 953 4003 acu
970 3943 1128 4024 qrmtriduo
1149 3941 1283 4003 deterior.
1298 3944 1385 4010 Palat.
1415 3949 1519 4024 refecit
1537 3951 1606 4016 San.

199 4053 302 4116 Vinar.
317 4073 342 4110 1.
362 4051 459 4114 Guell'.
476 4070 502 4114 ι.
531 4050 627 4110 Struv.
644 4037 838 4129 'ruraresecit
863 4049 967 4114 Frane.
988 4048 1085 4113 Guelf.
1100 4071 1129 4129 9.
1149 4068 1194 4108 ιι.
1215 4049 1414 4129 curaresocit
1433 4051 1556 4115 Laida.
1571 4076 1617 4124 μ..

198 4155 315 4219 maeror
333 4175 407 4216 curo
421 4154 512 4230 reficit
531 4153 593 4213 Bas.
606 4156 635 4226 l..
656 4155 715 4214 inc.
730 4176 755 4214 ι.
775 4154 844 4218 Ece.
864 4154 962 4218 Guelf.
975 4153 1004 4226 4.
1016 4175 1044 4234 7.
1066 4157 1164 4236 plures
1172 4153 1286 4216 Waaaii.
1306 4155 1360 4218 cfr.
1373 4155 1474 4220 Senec.
1490 4157 1528 4220 do
1538 4137 1610 4223 Bau.

199 4263 239 4336 ⁴.
257 4281 284 4327 ι.
304 4261 367 4342 ogit
382 4269 481 4341 grates
500 4259 569 4325 Vin.
584 4279 611 4318 ι.
632 4258 693 4319 ium
707 4279 800 4341 pugn.
816 4259 967 4321 satri'Bar.
981 4279 1006 4319 ι.
1028 4257 1089 4320 mm
1105 4279 1169 4321 om.
1185 4257 1269 4327 Febr.
1283 4279 1310 4324 ι.
1325 4257 1396 4323 tab.
1406 4264 1607 4346 puzdoesore.
