3850 4867
406 345 455 422 88

358 555 395 598 ιο
532 581 551 616 ,,
575 525 740 599 Parvum
755 545 852 626 ego,
885 516 1095 626 Iugurtha,
1125 534 1180 610 te,
1208 517 1342 595 amisso
1364 534 1491 625 patre,
1519 519 1601 597 sine
1620 543 1701 626 spe,
1722 516 1804 594 sine
1885 604 1886 627 χ

404 649 564 754 opibus,
590 648 631 722 in
658 671 787 722 meum
803 643 1125 752 regnumaccepi3
1148 641 1379 720 existumans
1394 671 1474 721 non
1494 645 1622 722 minus
1648 669 1709 719 me
1734 641 1804 716 tibi
1885 678 1886 733 j

403 801 522 880 quam
556 771 707 860 liberis,
736 769 767 844 si
797 768 1024 872 genuissem,
1049 766 1099 842 ob
1121 766 1305 844 beneficia
1326 795 1459 844 carum
1489 769 1592 864 fore3
1615 793 1742 870 neque
1763 791 1804 840 ea
1885 754 1886 769 ¹

404 924 462 974 res
481 895 619 971 falsum
640 921 700 968 me
722 891 869 966 habuit.
894 893 992 966 Nam
1006 907 1052 966 ut
1070 889 1145 966 alia
1161 919 1298 996 magna
1318 908 1356 968 et
1375 894 1518 998 egregia
1538 910 1602 968 tua
1617 894 1805 980 omittam,
1885 910 1886 925 ¹

403 1021 614 1096 novissume
658 1015 804 1091 rediens
827 1014 1033 1088 Numantia
1067 1041 1204 1116 meque
1241 1041 1478 1119 regnumque
1522 1043 1651 1092 meum
1683 1017 1804 1120 gloria

402 1142 655 1218 honoravisti:
684 1157 826 1240 tuaque
846 1138 986 1212 virtute
1001 1136 1111 1212 nobis
1129 1139 1317 1213 Romanos
1335 1165 1380 1214 ex
1399 1139 1529 1214 amicis
1551 1141 1805 1215 amicissumos
1885 1156 1886 1171 ³

401 1269 545 1345 fecisti:
585 1268 626 1338 in
658 1263 842 1366 Hispania
877 1288 1018 1336 nomen
1041 1260 1196 1336 familiae
1226 1279 1452 1338 renovatum
1475 1279 1560 1336 est:
1594 1278 1804 1367 postremo,

398 1393 505 1496 ,quod
522 1389 805 1464 difficillumum
822 1387 922 1460 inter
942 1383 1136 1473 mortalis,
1159 1383 1278 1487 gloria
1298 1382 1485 1459 invidiam
1498 1387 1629 1460 vicisti.
1672 1389 1804 1476 Nunc,

401 1517 587 1620 quoniam
608 1510 705 1586 mihi
732 1525 870 1584 natura
893 1507 1009 1582 finem
1034 1507 1121 1580 ritae
1150 1505 1265 1594 facit,
1298 1533 1368 1610 per
1394 1507 1496 1584 hanc
1521 1509 1712 1601 dextram,
1738 1538 1804 1615 per
1886 1566 1887 1581 .

400 1641 508 1746 regni
532 1640 646 1714 fidem
671 1659 806 1710 moneo
833 1633 1087 1732 obtestorque,
1113 1630 1172 1703 uti
1191 1628 1276 1719 hos,
1297 1629 1366 1731 qui
1390 1631 1460 1706 tibi
1479 1659 1613 1737 genere
1644 1635 1804 1738 propin·

400 1765 488 1869 qui,
511 1759 696 1839 beneficio
721 1782 805 1832 meo
831 1754 965 1830 fratres
984 1769 1089 1841 sunt,
1116 1777 1222 1827 caros
1255 1750 1412 1828 habeas:
1434 1781 1511 1829 neu
1529 1756 1640 1830 malis
1661 1757 1803 1832 alienos

399 1889 607 1991 adiungere
630 1908 747 1986 quam
762 1879 947 1984 sanguine
970 1877 1195 1951 coniunctos
1216 1876 1386 1952 retinere.
1431 1879 1518 1955 Non
1538 1879 1724 1955 exercitus
1740 1907 1803 1955 ne-
1886 1912 1887 1921 ι

399 2025 475 2117 que
496 2006 661 2084 thesauri
681 2002 855 2107 praesidia
879 2001 986 2102 regni
1002 2015 1116 2087 sunt,
1135 2025 1269 2074 rerum
1290 2001 1416 2090 amici,
1435 2028 1530 2104 quos
1548 2029 1674 2106 neque
1689 2005 1803 2078 armis

398 2161 550 2241 cogere,
577 2153 702 2230 neque
724 2151 819 2200 auro
840 2150 975 2227 parare
1000 2147 1130 2238 queas:
1157 2122 1278 2196 officio
1300 2139 1338 2197 et
1356 2121 1430 2199 fide
1450 2125 1666 2227 pariuntur.
1705 2127 1801 2224 Quis

397 2277 526 2336 autem
542 2251 700 2329 amicior
722 2274 839 2351 quam
855 2245 972 2320 frater
992 2244 1126 2330 fratri?
1153 2260 1221 2319 aut
1238 2271 1353 2347 quem
1369 2246 1541 2322 alienum
1559 2248 1682 2325 fidum
1700 2251 1801 2326 inre-

397 2384 495 2471 nies,
514 2379 546 2458 si
572 2375 645 2452 tuis
667 2371 784 2448 hostis
807 2369 950 2446 fueris?
974 2368 1165 2472 Equidem
1189 2395 1257 2474 ego
1282 2371 1388 2448 vobis
1408 2397 1569 2477 regnum
1595 2373 1707 2451 trado
1734 2375 1794 2451 fir
1887 2442 1888 2479 ,

470 2599 543 2680 Cap.
562 2621 608 2658 ιο.
626 2615 750 2678 parrum
768 2613 820 2673 ego
842 2593 908 2673 lug.
921 2602 959 2653 te.
979 2591 1039 2654 hoc
1054 2593 1158 2653 ordine
1168 2592 1282 2654 Vratirl.
1303 2595 1363 2652 inc.
1382 2591 1467 2652 Febr.
1484 2613 1511 2652 a.
1531 2593 1641 2654 Vina.
1660 2596 1759 2658 Senat.
1778 2621 1788 2658 ι
1887 2600 1888 2603 ’

395 2708 491 2768 struv.
511 2705 615 2767 Fraus.
637 2701 733 2764 Gueli.
748 2719 775 2760 a.
789 2699 816 2758 5.
828 2700 857 2759 6.
871 2721 898 2780 7.
915 2719 959 2762 ιι.
975 2718 1021 2758 12.
1039 2698 1107 2758 Ecc
1128 2697 1193 2760 Bae
1206 2719 1232 2757 ι.
1253 2700 1386 2757 meliores
1401 2696 1482 2762 Laid.
1501 2699 1678 2764 Mork.r.A.
1699 2703 1796 2764 Pemh.
1887 2672 1888 2687 i

392 2835 424 2892 ρ.
441 2831 465 2872 c.
484 2820 506 2870 t.
517 2810 584 2889 lug.
600 2810 695 2869 ceteri.
721 2828 751 2887 ρ.
763 2815 785 2866 t.
797 2824 821 2864 e.
835 2805 861 2864 Ι.
873 2803 968 2864 'Bem.
982 2803 1010 2873 4.
1036 2803 1193 2883 paruulum
1207 2821 1261 2881 ego
1284 2811 1313 2861 te
1330 2801 1397 2882 lug.
1423 2801 1523 2861 Donat
1537 2803 1576 2862 ad
1590 2804 1696 2866 Terent
1717 2809 1798 2871 Andr

398 2940 425 2980 ι.
444 2939 469 2982 1.
483 2918 512 2978 8.
535 2934 597 2975 non
616 2912 773 2973 meminus
790 2910 843 2969 1ὥί
870 2907 967 2970 Turio.
998 2927 1045 2966 me
1063 2907 1174 2966 habnt
1204 2925 1251 2965 me
1273 2927 1334 2965 om.
1359 2905 1457 2967 Guelf.
1473 2909 1501 2968 3.
1514 2908 1542 2978 ά.
1555 2909 1584 2968 6.
1611 2913 1730 2993 egregia
1749 2927 1797 2976 ma

385 3027 478 3102 saeta
491 3020 582 3084 Fabi.
601 3018 716 3083 Vratisl.
735 3017 819 3076 Rem.
832 3036 858 3080 ι.
881 3013 949 3074 vin.
962 3032 990 3071 a.
1009 3011 1079 3094 Teg.
1106 3011 1182 3073 Paris
1196 3031 1223 3070 a.
1244 3009 1348 3071 Frruc.
1367 3011 1464 3077 Sonat.
1477 3033 1506 3072 ι.
1523 3013 1628 3075 incest.
1642 3036 1669 3082 a.
1698 3017 1796 3082 Heres

394 3129 491 3190 Guels.
509 3129 536 3187 5.
559 3147 604 3186 ιο.
626 3126 666 3184 ita
681 3139 783 3182 omnes
800 3130 866 3178 aute
881 3117 1016 3196 ‚Bivium
1036 3115 1117 3174 Leid.
1133 3135 1160 3180 c.
1178 3137 1203 3174 e.
1217 3117 1238 3173 s.
1250 3135 1291 3174 m.
1306 3135 1337 3173 n.
1359 3113 1429 3176 Tur.
1458 3118 1576 3197 egregia
1594 3127 1796 3201 masam„

388 3236 481 3317 ,pauci
509 3253 543 3292 ex
562 3230 697 3290 Cortiau.
722 3223 846 3284 Loid.a.
863 3218 1020 3302 h.d.g.h.
1061 3219 1168 3290 Bas-4.
1196 3218 1282 3278 Bern.
1304 3239 1329 3276 ι.
1345 3217 1374 3278 3.
1403 3220 1479 3280 Paris
1499 3221 1529 3280 b.
1564 3233 1593 3282 et
1611 3221 1796 3304 egregiatus

393 3342 529 3401 omittam
548 3340 646 3417 plures
661 3331 757 3392 Guelr.
786 3326 979 3388 Leid.i.k.t
1007 3325 1092 3388 Puris.
1104 3346 1131 3384 c.
1144 3323 1175 3383 d.
1196 3323 1259 3384 Bas.
1278 3345 1303 3388 1.
1324 3323 1408 3383 Rem.
1421 3345 1448 3390 a.
1478 3325 1566 3386 Acad.
1586 3329 1683 3390 Senot.
1703 3331 1794 3392 Sunr.

363 3435 369 3442 ’
391 3443 502 3502 Aroud.
513 3443 546 3500 L.
556 3441 597 3498 11.
617 3436 709 3496 Merk.
717 3447 746 3498 r.
765 3445 799 3495 Λ.
820 3430 904 3491 Bodl.
924 3429 1021 3511 gloria
1038 3430 1110 3490 horr„
1128 3429 1206 3509 glor.
1226 3449 1288 3489 om.
1310 3428 1455 3491 Gommel.
1477 3431 1601 3493 Pelet-5.
1622 3437 1794 3514 tuaquevr'r-

393 3557 461 3607 tute.
484 3565 538 3623 que
555 3565 616 3602 om.
639 3542 743 3600 Franc.
765 3534 862 3612 Gucls.
881 3536 910 3595 6.
939 3535 1021 3593 Leid.
1036 3557 1063 3598 r.
1092 3533 1224 3611 furniiioe
1242 3542 1352 3593 nostrus
1371 3553 1434 3594 reu.
1461 3545 1504 3596 ert
1535 3536 1693 3598 duodecim
1714 3541 1792 3600 eoru

393 3649 491 3712 codd.
512 3645 638 3708 Lcid..d.
652 3647 671 3702 f.
684 3663 765 3724 gan.
780 3659 810 3698 n.
826 3639 892 3698 Bas.
906 3640 934 3709 Δ.
955 3637 1040 3696 Bern.
1055 3659 1081 3698 ι.
1094 3637 1123 3698 3.
1145 3657 1216 3696 mere
1235 3637 1316 3696 laid.
1330 3657 1356 3696 c.
1366 3638 1396 3696 k.
1409 3647 1458 3698 est
1477 3659 1538 3724 our.
1552 3641 1699 3704 Febrim.
1721 3644 1792 3704 inter

392 3764 472 3818 mort
487 3761 537 3812 est.
559 3761 599 3810 est
621 3771 681 3808 om.
697 3745 810 3805 Febrim
824 3767 849 3808 ι.
870 3741 990 3802 Ιιείἁ.ιι.
1006 3740 1088 3806 d.m.
1107 3745 1208 3802 locum
1221 3752 1315 3800 mutat
1334 3743 1437 3802 incert.
1455 3765 1480 3808 ι.
1501 3745 1606 3812 Frane,
1619 3751 1717 3824 finem
1729 3750 1792 3810 m‘rce

392 3861 455 3921 Bas.
472 3880 498 3917 ι.
511 3857 538 3928 Δ.
561 3858 600 3914 ita
615 3853 730 3912 Gruter.
751 3860 779 3908 et
794 3849 922 3911 Wassius
938 3857 967 3908 et
984 3866 1086 3906 omnes
1107 3845 1189 3905 Leid.
1208 3845 1277 3905 nuce
1284 3849 1317 3923 s.
1349 3845 1431 3908 Gort.
1453 3848 1549 3910 Turio.
1559 3855 1697 3930 fimsuc.
1711 3875 1741 3916 v.
1761 3857 1790 3914 in

390 3958 673 4045 aliquotssortianis.
694 3957 847 4016 demam
867 3953 929 4012 Bas.
941 3973 967 4012 ι.
988 3951 1073 4012 Bern.
1088 3951 1117 4022 A.
1132 3951 1355 4030 ‚obtetorqmro
1372 3951 1459 4012 rubr.
1487 3953 1571 4020 Rern.
1589 3975 1617 4016 ι.
1645 3958 1749 4020 iucem.
1767 3981 1790 4019 ι.

390 4071 487 4134 Strur„
507 4068 612 4126 Fraus.
631 4061 712 4124 Leid.
726 4081 753 4120 a.
765 4057 795 4117 h.
810 4079 836 4120 c.
849 4055 879 4122 d.
891 4057 911 4116 s.
922 4055 953 4115 h.
966 4058 987 4116 i.
998 4056 1026 4122 k.
1037 4077 1079 4115 m.
1099 4055 1200 4114 Heusr.
1220 4055 1336 4115 Vrstisl.
1351 4078 1378 4122 ι.
1393 4055 1422 4116 3.
1450 4055 1547 4118 Guelf.
1557 4080 1588 4119 ι.
1599 4059 1628 4121 ³.
1641 4063 1669 4130 5.
1680 4063 1713 4124 6.
1725 4087 1752 4147 7.
1762 4085 1788 4146 9.

394 4197 441 4240 ιο.
458 4194 503 4235 ιι.
524 4171 586 4232 Bas.
599 4169 628 4244 4.
648 4167 716 4228 Tur.
739 4183 841 4225 moneo
856 4162 983 4222 obtestor
998 4171 1025 4221 te
1044 4158 1106 4218 Bas.
1118 4179 1145 4218 ι.
1171 4168 1200 4218 te
1211 4179 1273 4219 om.
1287 4161 1393 4244 reliqui
1409 4181 1444 4222 ex
1460 4161 1614 4230 Cottianis.
1634 4166 1716 4230 Laid.
1728 4189 1787 4251 eg,

389 4285 412 4346 1.
424 4302 455 4344 ιι.
476 4277 590 4342 Febris.
609 4272 697 4343 Ririi.
718 4265 851 4334 Beroald.
871 4265 923 4345 qui
935 4263 991 4327 tibi
1001 4261 1282 4350 genorrprcpinqui
1292 4275 1360 4328 aaut
1385 4267 1414 4327 b.
1429 4289 1472 4328 m·
1487 4268 1587 4333 itanu
1603 4271 1704 4340 utun.
1723 4275 1786 4338 Seu.
