3850 4867
1457 312 1553 417 ,27³

126 546 128 551 .
149 484 269 591 ipsius
283 492 440 570 consilia
460 494 795 571 disturbaverunt
816 494 905 593 Quo
927 492 1021 588 tibi,
1044 494 1442 597 Imperator,·maiore
1458 488 1552 567 cura

148 611 302 719 fideque
322 619 435 695 amici
455 636 494 696 et
511 620 633 697 multa
655 618 829 724 praesidia
856 616 1028 722 paranda
1049 634 1149 693 sunt.
1173 619 1330 692 Hostem
1351 600 1583 701 advorsum

146 740 389 843 opprimere,
422 758 578 820 strenuo
605 742 757 819 homini
785 740 893 817 haud
921 740 1075 817 difficile
1094 758 1179 837 est:
1203 743 1353 819 occulta
1382 741 1555 846 pericula

145 888 276 968 neque
299 865 422 941 lacere
442 894 568 971 neque
586 867 705 943 vitare
725 866 835 942 bonis
857 866 899 940 in
926 880 1111 970 promptu
1130 883 1193 942 cst
1238 867 1382 972 Igitur,
1405 864 1476 939 uhi
1493 888 1556 941 eos
1606 926 1609 932 .

143 984 188 1063 in
211 988 405 1065 civitatem
427 988 629 1066 adduxeris
636 1021 647 1084 ;
673 989 858 1093 quoniam
880 986 1038 1092 quidem
1055 1006 1227 1066 revocata
1251 989 1380 1094 plebes
1397 988 1490 1077 erit,
1513 988 1555 1063 in

143 1136 194 1215 eax
207 1138 252 1189 re
274 1141 453 1189 maxume
468 1114 643 1190 animum
666 1113 889 1203 exercitato,
913 1113 974 1187 uti
995 1113 1175 1189 colantur
1192 1112 1288 1189 boni
1306 1115 1445 1202 mores,
1465 1138 1557 1187 con·

143 1236 280 1313 cordia
299 1238 402 1315 inter
416 1254 557 1315 veteres
575 1254 614 1313 et
636 1264 752 1315 novos
773 1238 965 1313 coalescat.
1000 1237 1074 1313 Sed
1090 1238 1215 1313 multo
1236 1264 1460 1312 maxumum
1485 1237 1555 1313 bo·

143 1386 247 1437 num
258 1363 404 1467 patriae,
423 1363 587 1453 civibus,
608 1362 697 1453 tibi,
717 1360 863 1453 liberis,
878 1372 1067 1466 postremo
1083 1360 1265 1436 humanae
1282 1361 1386 1462 genti
1402 1386 1556 1465 pepere-

144 1483 220 1577 ris,
244 1486 276 1561 si
296 1485 469 1563 studium
487 1486 661 1591 pecunioe
679 1498 748 1561 aut
767 1485 986 1576 sustuleris,
1009 1500 1098 1576 aut,
1123 1483 1253 1586 quoad
1274 1510 1333 1560 ree
1351 1482 1462 1575 feret,
1483 1484 1557 1559 mi-

146 1608 290 1685 nueris.
332 1610 473 1702 Aliter,
497 1636 624 1712 neque
656 1609 805 1714 privata
831 1635 902 1700 res,
928 1635 1054 1713 neque
1072 1607 1247 1711 publica,
1277 1634 1404 1711 neque
1434 1607 1557 1707 domii

145 1758 277 1835 neque
295 1732 460 1823 militiae,
485 1734 564 1839 regi
588 1748 720 1837 potest
766 1734 865 1809 Nam
885 1733 953 1809 ubi
982 1732 1125 1839 cupido
1153 1730 1377 1809 divitiarum
1397 1718 1557 1822 invisit,

144 1882 277 1960 neque
296 1856 519 1961 disciplina,
545 1882 670 1961 neque
695 1871 791 1933 artes
817 1858 950 1948 bonae,
974 1882 1101 1959 neque
1124 1855 1325 1961 ingenium
1349 1854 1477 1931 ullum
1500 1881 1558 1930 sa-

146 1980 195 2055 tis
216 1980 364 2085 pollet:
391 1981 489 2084 quin
510 1982 681 2071 animus,
708 1980 826 2085 magis
847 1998 916 2056 aut
948 1981 1078 2056 minus
1095 1994 1270 2069 mature,
1293 1990 1483 2084 postremo
1503 1995 1557 2053 ta-

146 2132 242 2181 men
270 2104 495 2181 succumbit.
539 2106 643 2209 Soepe
674 2104 752 2179 iam
777 2104 930 2193 audivi,
955 2104 1025 2207 qui
1057 2129 1178 2207 reges,
1203 2127 1290 2205 quoe
1326 2102 1492 2178 civitates
1518 2119 1568 2181 et·

149 2228 348 2318 nationes,
374 2255 443 2332 per
458 2228 696 2331 opulentiam
714 2255 852 2333 magna
868 2227 1029 2331 imperia
1047 2226 1262 2316 amiserint,
1288 2252 1374 2329 qnae
1394 2252 1463 2329 per
1480 2225 1558 2300 vim

149 2366 277 2439 tutem
301 2352 432 2454 inopes
451 2367 660 2455 ceperant:
687 2352 728 2428 id
750 2351 844 2428 adeo
875 2350 983 2426 haud
1006 2350 1228 2425 mirandum
1251 2366 1314 2424 est.
1362 2351 1461 2425 Nam
1487 2349 1558 2424 uti

150 2475 279 2551 bonus
300 2475 525 2551 deteriorem
544 2473 685 2551 divitiis
702 2476 820 2579 magis
840 2475 990 2548 clarum
1007 2473 1203 2580 magisque
1221 2489 1421 2576 acceptum
1436 2473 1561 2566 videt,

150 2600 281 2704 primo
303 2615 438 2674 aestuat
457 2599 657 2700 multaque
681 2598 725 2672 in
747 2612 899 2703 pectore
917 2597 1035 2672 volvit
1062 2628 1071 2669 ε
1094 2596 1159 2671 sed
1191 2590 1260 2671 ubi
1290 2596 1409 2701 gloria
1434 2596 1558 2697 hono-

152 2750 237 2799 rem
261 2723 378 2827 magis
405 2723 447 2797 in
473 2722 570 2811 dies,
594 2722 774 2797 virtutem
789 2718 988 2824 opulentia
1015 2719 1152 2811 vincit,
1175 2719 1327 2795 animus
1352 2720 1403 2795 ad
1422 2721 1559 2827 volup·

153 2864 273 2923 tatem
293 2875 316 2922 a
347 2873 436 2922 vero
470 2844 606 2921 deficit.
656 2844 812 2947 Quippe
844 2842 966 2947 gloria
990 2841 1180 2917 industria
1214 2843 1447 2945 alitureulti
1474 2870 1560 2922 eam

152 2971 352 3060 demseris,
370 2970 449 3074 ipsa
466 2995 534 3072 per
548 2995 586 3043 se
604 2969 722 3043 virtus
745 2994 873 3041 amara
892 2981 1007 3067 etque
1024 2991 1151 3068 aspera
1171 2982 1234 3041 est.
1283 2970 1475 3042 Postremo
1489 2969 1560 3043 uhi

153 3092 299 3171 divitiae
317 3092 429 3167 clarae
454 3090 667 3180 habentur,
693 3091 748 3164 ibi
776 3091 905 3165 omnia
921 3091 1023 3165 bons
1039 3089 1131 3164 vilia
1151 3106 1271 3180 sunt,
1295 3077 1559 3193 fideuprobi-

154 3234 236 3307 tas,
261 3216 410 3320 pudor,
432 3213 628 3320 pudicitia.
679 3216 775 3291 Nam
802 3214 853 3290 ad
875 3214 1058 3289 virtutem
1076 3240 1157 3288 uno
1187 3228 1225 3287 et
1243 3212 1364 3288 ardua
1389 3214 1450 3288 via
1475 3226 1559 3288 est:

155 3341 207 3417 ad
220 3338 444 3445 pecuniam,
471 3364 548 3440 qua
569 3339 709 3439 cuique
726 3336 836 3411 lubet
850 3392 861 3425 ‚
875 3336 1024 3439 nititur
1049 3369 1057 3409 ε
1082 3336 1245 3411 etmalie
1261 3353 1300 3411 et
1318 3330 1428 3412 honis
1447 3336 1560 3411 rebus

156 3492 200 3542 ea
223 3480 383 3539 creatur.
435 3462 534 3564 Ergo
553 3460 593 3534 in
612 3460 745 3562 primis
760 3459 1025 3537 auctoritatem
1053 3461 1226 3562 pecunioe
1240 3457 1410 3534 demito:
1436 3486 1561 3563 neque

157 3590 206 3666 de
229 3587 369 3692 capite,
396 3611 520 3687 neque
538 3583 586 3658 de
609 3581 769 3673 honore,
787 3609 833 3658 ex
853 3581 972 3686 copiis
996 3582 1200 3685 quisquam
1215 3584 1333 3687 magis
1352 3584 1560 3695 autminus

160 3710 407 3801 iudicaverit3
441 3708 494 3781 sic
520 3722 566 3781 ut
591 3732 715 3808 neque
758 3696 917 3809 praetor,
944 3731 1069 3808 neque
1094 3704 1227 3780 consul
1259 3732 1305 3780 ex
1339 3710 1536 3810 opulentia
1550 3768 1575 3800 ,.

50 3857 55 3879 ⁶
158 3864 292 3913 verum
309 3861 354 3909 ex
382 3832 567 3937 dignitate
595 3846 750 3904 creetur.
801 3828 873 3904 Sed
897 3827 944 3902 de
967 3828 1190 3932 magistratu
1211 3811 1324 3908 lacile
1348 3833 1485 3937 populi
1502 3835 1561 3909 iu.

160 4044 244 4107 Lt'vio
254 4042 362 4103 Druso.
379 4038 461 4098 Livio
475 4056 535 4095 om.
548 4035 676 4097 Vaticct
686 4006 744 4093 hoc
757 4035 824 4091 loco
839 4041 867 4091 ct
881 4035 1054 4112 paulopost.
1067 4035 1329 4116 auderesfiterant
1349 4035 1434 4102 Febr.
1445 4050 1474 4099 et
1483 4038 1561 4101 Bric.
1652 4104 1658 4113 ,

159 4155 263 4221 fierem
281 4146 379 4206 Vatic.
415 4142 628 4203 existimarunt
648 4138 737 4198 idem.
778 4146 962 4196 contractem
978 4135 1046 4193 nixi
1065 4136 1146 4205 Febr,
1165 4137 1284 4199 ctBric.
1323 4141 1383 4200 nist
1401 4144 1493 4204 Vatis.
1519 4177 1561 4191 -

105 4290 110 4297 ·
166 4253 239 4336 Cap.
254 4276 282 4336 7.
304 4250 437 4309 animum
462 4245 703 4307 csercitoto.-.
725 4241 852 4302 exercito
882 4240 975 4304 Velie.
1003 4250 1033 4299 ct
1061 4251 1142 4303 vetui
1159 4242 1236 4309 Edit.
1264 4248 1363 4324 quood
1389 4267 1435 4308 m
1456 4250 1562 4325 referet
1668 4238 1671 4244 ’

1118 4343 1163 4421 55
