3850 4867
1483 422 1487 429 Ι
1522 351 1586 402 ror

189 489 321 570 locum
347 497 624 578 Catabathmon
647 502 780 580 incolae
811 501 1017 608 adpellant
1058 503 1166 581 Mare
1190 530 1349 594 saevum,
1382 505 1593 609 importuo-

186 641 293 713 sum,
317 646 405 726 ager
422 622 576 728 frugum
593 625 741 720 fertilis,
765 626 888 702 bonus
903 627 1049 732 pecori,
1073 628 1202 704 arbori
1219 628 1468 704 infecundus:
1494 629 1594 705 coelo·

189 756 369 847 terraque
404 749 566 851 penuria
595 775 792 852 aquarum.
847 751 980 828 Genus
1014 748 1219 828 hominum
1244 751 1389 828 salubri
1418 778 1593 854 corpore:

187 865 319 958 velox,
343 870 491 973 patiens
512 871 706 948 laborum:
731 875 931 980 plerosque
948 893 1118 952 senectus
1136 875 1321 967 dissolvit,
1347 875 1501 978 nisiqui
1518 874 1592 950 fer·

188 1016 236 1064 ro
255 1007 323 1066 aut
345 993 472 1068 bestiis
493 995 693 1098 interiere:
719 1026 809 1074 nam
832 1000 986 1076 morbus
1016 998 1122 1074 baud
1151 1024 1247 1102 saepe
1273 1025 1507 1101 quemquam
1532 1023 1594 1072 su·

188 1132 309 1217 perat
343 1117 403 1191 Ad
424 1116 498 1193 boc
525 1120 688 1211 malefici
715 1123 859 1226 generis
881 1122 1049 1226 plurima
1074 1122 1265 1198 animalia.
1315 1121 1387 1197 Sed
1408 1121 1474 1224 qui
1493 1147 1595 1196 mor-

190 1237 285 1312 tales
318 1240 429 1316 initio
460 1241 627 1318 Africam
660 1241 886 1336 habuerint,
922 1245 1069 1349 quique
1101 1225 1228 1349 postea
1255 1245 1493 1332 accesserint,
1526 1258 1595 1318 aut

190 1363 387 1463 quomodo
406 1365 507 1439 inter
524 1392 562 1441 se
577 1369 755 1470 permixti
776 1369 872 1464 sint3
896 1396 1131 1473 quamquam
1150 1369 1199 1442 ab
1218 1394 1261 1443 ea
1274 1367 1393 1457 fama,
1418 1393 1504 1469 quae
1516 1367 1597 1470 ple·

189 1511 329 1588 rosque
346 1488 509 1579 obtinet,
542 1490 736 1568 divorsum
757 1508 840 1567 est:
877 1508 1004 1569 tamen
1036 1492 1095 1566 uti
1119 1518 1165 1566 ex
1186 1491 1293 1565 libris
1318 1489 1493 1580 Punicis,
1528 1491 1596 1593 qui
1635 1573 1638 1578 ,

189 1611 287 1716 regis
301 1613 525 1717 Hiempsalis
543 1613 786 1704 dicebantur,
810 1615 1115 1720 interpretatum
1130 1614 1239 1690 nobis
1263 1628 1336 1705 est,
1363 1615 1498 1718 utique
1516 1639 1598 1688 rem

191 1757 271 1808 sese
295 1733 434 1812 habere
457 1737 618 1811 cultores
637 1737 715 1811 eius
735 1754 842 1812 terrae
867 1753 1027 1841 putant,
1052 1765 1170 1842 quam
1188 1738 1435 1841 paucissumis
1463 1737 1596 1812 dicam.

193 1859 373 1934 Ceterum
387 1859 476 1934 fides
498 1862 577 1936 eius
599 1862 653 1935 roi
676 1889 790 1964 penes
806 1877 976 1936 auctores
1004 1862 1085 1936 erit.
1119 1860 1286 1936 Africam
1304 1860 1415 1934 initio
1429 1856 1599 1934 habuere
1612 1881 1648 1943 rs

194 1980 330 2056 Gctuli
349 2000 387 2058 et
405 1983 565 2086 Libyes,‘
590 1985 710 2088 asperi
737 1985 971 2086 incultique3
1005 1984 1091 2084 quis
1120 1985 1228 2059 cibus
1251 2000 1334 2059 erat
1352 2009 1441 2058 caro
1476 1981 1598 2057 ferina

194 2119 313 2208 atque
337 2105 447 2183 humi
468 2107 677 2210 pabulum,
699 2108 757 2181 uti
787 2109 994 2210 pecoribus.
1044 2107 1096 2181 Hi
1129 2132 1254 2208 neque
1285 2106 1454 2181 moribus
1475 2130 1601 2207 neque

193 2230 278 2334 lege
314 2247 382 2308 aut
420 2230 579 2333 imperio
612 2230 838 2333 cuiusquam
865 2231 1124 2335 regebantur:
1154 2231 1261 2335 vagi,
1289 2229 1478 2334 palantes,
1506 2249 1600 2330 quas

194 2379 277 2428 nox
299 2368 471 2458 coegerat
493 2353 594 2429 sedes
626 2349 828 2428 habebant.
867 2353 938 2428 Sed
961 2369 1162 2456 postquam
1193 2354 1234 2427 in
1255 2352 1438 2454 Hispania
1456 2355 1601 2427 Hercu·

195 2477 325 2567 cules,
350 2457 466 2552 sicuti
488 2476 569 2552 Afri
589 2493 745 2580 putant,
771 2477 916 2550 interiit
923 2508 934 2570 ;
966 2478 1149 2550 exercitus
1174 2475 1275 2568 eius,
1299 2475 1528 2579 compositus
1556 2501 1603 2550 ex

194 2601 312 2677 variis
332 2602 531 2705 gentibus,
563 2601 696 2674 amisso
716 2599 814 2674 duce
843 2627 887 2674 ac
915 2599 1052 2702 passim
1081 2599 1213 2674 multis
1246 2598 1318 2672 sibi
1349 2599 1510 2703 quisque
1532 2599 1603 2673 im-

195 2724 352 2830 perium
369 2725 602 2829 petentibus,
623 2725 728 2800 brevi
755 2723 948 2799 dilabitur.
990 2725 1048 2796 Ex
1076 2748 1120 2798 eo
1144 2747 1306 2799 numero
1329 2721 1451 2812 Medi,
1484 2725 1602 2812 Persae

197 2863 240 2924 et
265 2848 441 2939 Armeni,
467 2848 627 2923 navibus
649 2849 691 2922 in
711 2847 878 2922 Africam
905 2847 1123 2936 transvecti,
1150 2871 1354 2950 proxumos
1375 2859 1503 2921 nostro
1523 2830 1603 2920 ma-

198 3048 255 3108 bus
266 3045 320 3124 inf.
340 3047 421 3107 Vrat.
434 3067 461 3106 2.
482 3047 585 3107 Frons.
607 3029 844 3110 Guert.12.'tne.
867 3065 892 3102 ι.
912 3043 993 3109 Laid.
1006 3043 1036 3102 k.
1055 3043 1147 3102 Maris.
1161 3055 1190 3108 r.
1212 3043 1353 3104 orborum
1371 3041 1441 3106 Vin.
1455 3062 1483 3101 a.
1505 3041 1603 3102 Caeli.

198 3152 233 3224 4.
251 3151 336 3212 Rern.
352 3172 377 3210 1.
398 3151 457 3211 nisi
468 3151 559 3230 quis-
570 3149 714 3210 iatarisrit
740 3149 822 3212 Leid.
835 3151 856 3207 l.
878 3147 1044 3208 bubalorum
1068 3145 1334 3227 .Guell'.9.1o.1a.
1354 3147 1434 3207 Vrat.
1452 3166 1477 3210 r.
1494 3164 1521 3204 a.
1542 3146 1603 3207 inc.

205 3279 234 3318 a.
256 3267 308 3316 aut
327 3276 383 3336 (μω
396 3257 484 3316 modo
501 3255 579 3316 inter
592 3275 622 3316 ss
634 3253 777 3335 permisti
788 3251 847 3313 siat
873 3251 935 3312 bac
948 3273 1009 3312 orn.
1027 3251 1109 3311 Cort.
1137 3253 1215 3311 inter
1233 3273 1262 3312 ss
1276 3250 1364 3310 mixti
1377 3250 1436 3312 sint
1455 3251 1551 3309 Senot.
1576 3269 1603 3309 a.

85 3417 89 3422 .
200 3363 305 3426 Heus.
324 3361 475 3441 interpret.
494 3361 559 3420 nob.
578 3370 627 3422 est.
649 3359 714 3419 nob.
736 3379 797 3417 om.
818 3357 889 3439 seg.
912 3356 1063 3436 interpret.
1082 3365 1122 3415 cst
1142 3357 1210 3417 nob.
1231 3354 1292 3416 Bas.
1306 3357 1335 3428 4.
1355 3354 1424 3414 Tur.
1443 3363 1530 3433 atque
1543 3374 1606 3414 rem

201 3466 319 3532 Fabric.
335 3487 360 3526 r.
380 3465 469 3526 acad.
489 3466 549 3530 inc.
564 3486 588 3528 r.
610 3463 679 3523 Tur.
696 3485 736 3526 m.
747 3483 794 3543 pr.
813 3461 899 3521 Born.
915 3483 940 3521 1.

289 3593 362 3676 Cap.
378 3595 424 3655 ιθ.
449 3591 547 3654 Gesila·
564 3594 696 3656 meliores
712 3590 829 3651 Gruteri
849 3599 878 3650 et
894 3589 988 3650 Cortii
1003 3586 1081 3649 libri.
1110 3586 1207 3667 asperi
1221 3586 1330 3649 inculti
1347 3588 1444 3649 Gnsll'.
1462 3607 1508 3649 η.
1536 3608 1607 3668 quas

203 3723 271 3764 nox
290 3703 329 3762 its
341 3700 457 3760 Gruter.
478 3699 569 3761 wass.
590 3697 736 3758 Commel.
766 3695 863 3755 Pcmb.
884 3694 976 3753 Marl.
987 3705 1017 3757 r·
1032 3705 1067 3755 Λ.
1086 3692 1148 3750 Bas.
1165 3713 1191 3752 ι.
1212 3692 1297 3752 Bam.
1318 3714 1343 3753 1.
1365 3714 1424 3773 qrso
1442 3693 1556 3754 Fabric.
1581 3716 1606 3755 r.

201 3809 302 3869 saur,
321 3807 381 3866 inc.
402 3804 486 3863 Rem.
500 3823 528 3864 2.
547 3803 686 3866 vinna.
706 3801 786 3861 Vrat.
801 3798 830 3858 ὅ.
850 3797 935 3856 Bodl.
958 3795 1084 3856 Pntschii
1102 3797 1179 3856 libri.
1205 3799 1303 3875 plures
1319 3797 1406 3857 Pelet.
1427 3798 1494 3863 Eec.
1516 3799 1607 3860 sod.

207 3935 252 3974 m.
266 3933 321 3972 scs.
342 3909 439 3970 Guels.
453 3927 480 3969 2.
496 3908 525 3968 ὅ.
542 3931 570 3990 7.
581 3928 611 3988 9.
626 3928 670 3966 ro.
685 3927 731 3966 rr.
749 3925 794 3964 ra.
813 3902 882 3962 Tur.
903 3900 1027 3961 flerat.
1047 3901 1109 3966 Bas.
1120 3903 1150 3973 4.
1170 3910 1221 3962 ortt
1235 3900 1356 3980 impono
1371 3902 1432 3962 Bas.
1446 3904 1510 3975 nl.
1522 3904 1607 3964 Beni.

215 4040 242 4079 r.
256 4021 284 4078 3.
313 4033 415 4076 omncs
427 4012 507 4079 Leid.
541 4011 638 4072 multis
650 4011 705 4072 sibi
717 4009 833 4088 quisquo
858 4009 897 4066 ita
918 4008 1051 4065 meliores
1064 4005 1142 4070 libri.
1162 4008 1279 4087 parspere
1300 4027 1361 4066 om.
1387 4007 1482 4068 Strui.
1503 4005 1619 4072 Fraus..

211 4119 519 4199 Gusll.d.9.1r.1a.
548 4113 765 4198 Leid.g.h.m.
795 4111 1055 4174 brscidilabuntur
1079 4109 1147 4171 Ecc.
1176 4110 1277 4170 ΒΜ.
1308 4133 1349 4171 sn.
1362 4129 1418 4172 tec.
1436 4110 1519 4172 laid.
1533 4110 1564 4172 b.
1576 4112 1607 4172 d.

211 4224 349 4288 materies
367 4225 433 4284 Ecc.
454 4245 494 4286 rn.
505 4243 561 4282 sec.
583 4219 679 4280 Gncll.
693 4239 738 4283 ιο.
756 4237 852 4278 secum
868 4216 948 4276 mbo.
965 4233 1061 4275 secum
1080 4235 1141 4274 om.
1152 4213 1249 4284 Guelf,
1257 4215 1369 4290 lssllcc.
1381 4235 1422 4274 m.
1430 4235 1477 4295 pr.
1495 4214 1608 4279 Arond.

214 4332 291 4414 Reg.
312 4327 409 4393 Psmb,
430 4349 472 4386 m.
482 4347 528 4412 pr,
548 4324 603 4386 sibi
620 4323 704 4385 Bsrn.
716 4322 745 4384 3.
771 4323 866 4386 surr.
899 4320 962 4381 alia
973 4318 1080 4382 (lande
1095 4318 1157 4379 olio
1171 4317 1237 4381 loco
1256 4320 1320 4384 Bm.
1335 4340 1361 4382 s.
1380 4318 1492 4382 Febris.
1510 4320 1609 4388 Stmr.
