3850 4867
387 267 458 340 138

384 457 422 518 te
439 458 611 548 caperet:
634 443 883 533 existumans,
905 438 1167 518 hostiscrebro
1186 438 1332 544 impetu
1348 451 1387 514 et
1401 429 1619 510 transvorsis
1639 417 1778 533 preliis

245 621 251 630 -
285 581 291 588 ’
382 565 456 642 iter
465 592 579 642 suum
588 583 860 656 remoraturos,
879 580 919 640 et
929 564 1115 668 quoniam
1127 560 1491 650 amnisdiffideaent,
1516 552 1778 631 lassitudinem

382 705 422 764 et
435 688 540 770 sitim
556 690 727 766 militum
754 705 1011 793 temptaturos
1046 686 1228 762 Deinde
1217 712 1295 790 ipse
1314 711 1384 789 pro
1411 710 1452 758 re
1468 699 1584 785 atque
1602 679 1707 770 loco,
1729 675 1778 750 si-

382 812 463 886 cuti
482 829 614 888 moute
634 812 898 903 descenderat,
923 811 1127 916 paullatim
1148 810 1368 916 procedere:
1361 807 1554 882 Marium
1568 817 1654 943 post
1669 799 1777 905 prin·

381 935 482 1074 cipio
500 934 700 1011 babere.’
689 963 768 1040 ipse
788 963 878 1010 cum
892 935 1055 1010 sinistra
1067 935 1138 1010 alae
1152 934 1345 1038 equitibus
1363 957 1455 1022 esse,
1479 929 1547 1034 qui
1567 927 1610 1002 in
1627 925 1779 1030 agmine

380 1058 571 1162 principes
587 1059 678 1135 lacti
698 1075 816 1134 crant
850 1063 901 1136 At
915 1058 1121 1164 Iugurtha
1145 1059 1214 1134 ubi
1240 1075 1451 1132 extremum
1473 1079 1609 1159 agmen
1630 1047 1777 1124 Metelli

378 1182 521 1285 primos
547 1205 634 1258 suos
657 1200 959 1287 praetergressum
987 1183 1108 1272 videt,
1133 1181 1307 1286 presidio
1332 1179 1439 1284 quasi
1464 1179 1589 1254 duum
1608 1174 1779 1250 millium

378 1305 554 1409 peditum
577 1322 749 1381 montem
777 1322 959 1410 occupat,
986 1335 1063 1411 qua
1091 1306 1266 1382 Metellus
1286 1303 1559 1382 descenderat:
1599 1327 1650 1376 ne
1679 1298 1779 1373 sorte

378 1429 601 1504 cedentibus
625 1429 845 1505 adversariis
868 1431 1038 1535 receptui
1058 1458 1103 1506 ac
1121 1446 1205 1534 post
1219 1430 1459 1506 munimento
1476 1426 1593 1520 ioret3
1616 1423 1708 1500 dein
1721 1448 1787 1498 te·-

377 1568 494 1655 pente
511 1552 618 1656 signo
644 1551 734 1628 dato
762 1551 880 1630 hostis
909 1554 1065 1630 invadit
1101 1553 1276 1630 Numidae
1296 1553 1362 1628 alii
1392 1567 1597 1657 postremos
1617 1546 1781 1638 cedere,

380 1701 469 1778 pars
496 1702 518 1750 a
545 1675 695 1750 sinistra
717 1703 763 1752 ac
784 1677 914 1753 dextra
938 1693 1144 1784 temptare3
1168 1677 1306 1754 infensi
1332 1677 1456 1752 adesse
1475 1692 1590 1778 atque
1617 1674 1781 1764 instare3

379 1799 558 1874 omnibus
586 1798 677 1875 locis
706 1803 967 1877 Romanorum
1001 1801 1152 1876 ordines
1180 1799 1431 1896 conturbare5
1465 1823 1633 1902 quorum
1662 1795 1781 1872 etiam

380 1924 450 2025 qui
479 1921 711 1998 firmioribus
738 1925 876 2000 animis
903 1925 1006 2000 obvii
1028 1921 1201 2000 hostibus
1229 1925 1407 2014 fuerant,
1443 1920 1629 1998 ludificati
1656 1920 1781 1997 incer-

378 2062 419 2122 to
443 2047 596 2150 praelio,
627 2047 700 2151 ipsi
719 2047 835 2123 modo
870 2049 1019 2124 eminus
1051 2048 1345 2139 sauciabantur,
1380 2073 1505 2151 neque
1529 2062 1662 2121 contra
1690 2043 1780 2120 feri·

376 2170 474 2246 undi
500 2187 569 2246 aut
589 2169 811 2248 conserendi
842 2201 1003 2248 manum
1027 2172 1136 2277 copia
1168 2189 1269 2266 erat,
1304 2187 1393 2248 ante
1413 2171 1491 2246 iam
1514 2169 1618 2246 docti
1641 2169 1692 2246 ab
1717 2171 1782 2242 Iu-

377 2293 517 2399 gurtha
557 2295 719 2398 equites,
752 2296 989 2400 ubicumque
1018 2297 1278 2374 Romanorum
1310 2311 1436 2372 turma
1471 2293 1620 2398 insequi
1648 2319 1782 2398 coepe·

376 2435 463 2507 rat,
488 2444 570 2494 non
594 2417 796 2496 confertim
820 2447 944 2524 neque
976 2421 1019 2496 in
1048 2448 1174 2496 unum
1203 2445 1279 2498 sese
1307 2419 1557 2524 recipiebant,
1587 2415 1653 2494 sed
1680 2417 1781 2495 alius

376 2539 453 2613 alio
485 2567 604 2643 quam
626 2567 804 2618 maxume
828 2542 976 2634 divorsi.
1023 2546 1081 2617 Ita
1112 2569 1273 2619 numero
1299 2543 1470 2647 priores,
1508 2541 1541 2617 si
1572 2541 1622 2616 ab
1653 2566 1779 2645 peme-

376 2662 531 2765 quendo
556 2661 673 2740 hostis
697 2663 882 2742 deterrere
912 2667 1184 2770 nequiverant,
1215 2667 1386 2742 disiectos
1419 2665 1468 2740 ab
1500 2681 1603 2770 tergo
1631 2679 1700 2740 aut
1725 2663 1780 2740 la·
1884 2755 1885 2758 Ἴ

378 2786 520 2861 teribus
559 2788 946 2866 circumveniebant:
987 2790 1046 2866 sin
1089 2791 1344 2894 opportunior
1376 2789 1474 2896 fugae
1513 2788 1620 2864 collis
1659 2814 1779 2892 quam

377 2910 502 3014 campi
530 2910 675 3005 iuerat3
698 2937 741 2988 ea
760 2935 848 2988 vero
868 2913 1038 2989 consueti
1063 2913 1318 2989 Numidarum
1340 2913 1429 3018 eqni
1452 2911 1562 2988 facile
1578 2911 1686 2988 ‘inter
1703 2912 1779 2987 vir-

376 3033 481 3137 gulta
499 3035 683 3130 evadere,
715 3051 861 3113 nostros
881 3037 1060 3142 asperitas
1079 3053 1118 3112 et
1138 3035 1338 3114 insolentia
1358 3037 1434 3115 loci
1452 3037 1649 3114 retinebat

372 3213 592 3296 pretergresios
610 3213 695 3276 Fabi.
714 3216 776 3277 Bas.
792 3237 817 3282 ι.
837 3215 906 3278 Sea.
922 3239 948 3278 ι.
969 3217 1038 3284 Via.
1053 3239 1078 3279 ι.
1098 3216 1188 3280 Acad.
1208 3219 1289 3281 Vrat.
1304 3240 1331 3282 a.
1351 3219 1419 3282 Tur.
1446 3219 1569 3282 Remi.
1596 3217 1693 3280 Gueli.
1709 3241 1736 3282 ι.
1748 3218 1776 3282 3.

375 3317 473 3379 Guelf.
485 3320 514 3390 4.
527 3341 632 3386 masc.
648 3319 729 3382 Leid.
743 3341 772 3403 g.
784 3323 805 3381 i.
825 3319 894 3405 Τις.
915 3321 1003 3382 Palot.
1025 3321 1185 3403 (praeteri.
1201 3325 1228 3385 5.
1241 3324 1287 3405 7.)
1308 3333 1400 3386 mont.
1421 3343 1465 3389 oe.
1477 3323 1610 3405 peditum
1628 3323 1688 3386 Erl.
1708 3323 1776 3408 Teg.

373 3419 442 3480 Tur.
464 3421 557 3484 hoster
571 3424 677 3488 inuasit
703 3424 800 3486 Guelf.
813 3426 841 3498 4.
870 3447 890 3488 o
909 3428 1018 3488 dextro
1032 3447 1070 3488 oc
1084 3426 1205 3490 sinistro
1232 3429 1294 3488 Bas.
1314 3451 1339 3490 ι.
1361 3451 1401 3490 m.
1419 3449 1464 3511 pr.
1487 3427 1597 3490 fabric.
1617 3447 1644 3490 ι.
1671 3427 1775 3491 Franc-

373 3520 441 3606 Teg.
463 3523 560 3590 anic.
580 3527 681 3605 iqfcsti
696 3529 795 3589 adesse
814 3531 934 3596 Laida.
954 3549 1058 3592 corum
1071 3531 1160 3593 etium
1180 3530 1277 3593 Gucll.
1289 3532 1318 3605 d.
1339 3533 1418 3596 idem
1434 3533 1497 3595 cosi
1514 3553 1601 3616 supra
1613 3551 1670 3615 pro
1684 3533 1775 3614 quasi.

373 3626 595 3706 hmtrbmfioera
614 3631 683 3692 Vin.
699 3651 726 3692 t.
746 3632 831 3694 Fabr.
843 3654 871 3694 ι.
892 3653 934 3694 m.
948 3655 1004 3697 sec.
1024 3636 1198 3697 commodi
1212 3656 1292 3702 mon.
1313 3637 1374 3698 Bar.
1391 3639 1456 3710 aa.
1477 3637 1537 3699 Erl.
1556 3639 1624 3704 Tur.
1652 3637 1739 3702 Bam.
1751 3661 1775 3699 ι.

372 3733 414 3792 ita
433 3731 554 3796 flavere.
584 3719 732 3798 ubilioin.
752 3735 837 3798 Ram.
856 3738 952 3805 Strnv.
973 3745 1075 3803 Franc.
1097 3739 1194 3802 Guoll.
1208 3745 1236 3804 3.
1251 3763 1279 3823 7.
1299 3741 1421 3803 neiat.
1435 3763 1506 3827 pn.
1527 3744 1565 3804 ob
1578 3745 1775 3826 persequendo

372 3835 435 3894 Bas.
451 3855 477 3895 ι.
499 3834 652 3905 febriens
670 3839 790 3904 Vtut-n
818 3841 916 3902 Guell.
930 3863 956 3903 ι.
969 3863 997 3910 a.
1017 3843 1087 3904 Τιιι.
1110 3841 1331 3926 Coopifiurot
1349 3847 1415 3908 Ma.
1437 3848 1521 3909 Grnt
1543 3847 1654 3911 Fabric.
1674 3848 1774 3910 barm

358 3938 870 4036 .1ἰοιιι..ινίιι..ιίιιο..Δσ.8ιιι.ι
888 3945 1129 4014 sanatura
1150 3949 1533 4036 Guelimtaiymaon
1553 3953 1772 4016 Ieidwnssem
1882 3991 1883 3996 κ

377 4064 403 4103 ι.
425 4021 911 4126 conpassuemtsicemuidatnm
925 4051 1033 4114 inNaa.
1046 4051 1173 4116 stuata
1187 4075 1213 4114 1.
1226 4055 1348 4120 Laide.
1367 4055 1437 4124 nur.
1452 4079 1494 4120 ιιι.
1502 4079 1557 4120 aec
1566 4079 1689 4122 sonem
1706 4059 1772 4128 Vm.

376 4169 402 4212 ι.
423 4170 464 4210 m.
475 4169 530 4212 soc.
552 4150 662 4218 Sena
679 4153 781 4214 Esau.
801 4153 957 4218 daoliivti.
987 4156 1071 4219 Bern
1089 4177 1115 4220 ι
1141 4157 1267 4220 ratium
1284 4159 1410 4224 Boram
1431 4161 1684 4232 retinebantEoc.

416 4274 488 4359 cap.
498 4278 547 4345 5ι.
562 4279 657 4344 tona
669 4290 756 4360 atquc
768 4279 841 4346 ota
859 4281 912 4346 Bu
923 4304 949 4349 ι.
970 4285 1037 4348 sin.
1057 4284 1110 4350 Aa.
1129 4286 1229 4350 Henu.
1248 4288 1333 4352 liam.
1346 4289 1442 4358 Strnt·
1454 4289 1676 4359 tenenat.
1685 4293 1706 4362 i.
1715 4291 1769 4360 ld.
