3850 4867
418 515 499 594 beri
517 513 614 590 mihi
631 511 814 590 beneficia
833 539 855 588 a
874 509 1020 617 populo
1035 511 1224 601 Romano,
1249 510 1391 614 quibua
1403 535 1485 587 non
1500 533 1664 616 cgeoem3
1681 529 1815 586 sccun-

417 642 513 744 dum
536 667 603 730 ea,
622 639 654 715 si
676 633 923 714 desideranda
938 650 1069 710 crant:
1104 635 1164 710 uti
1184 634 1320 736 debitis
1350 650 1485 710 utancr.
1533 631 1607 708 Sed
1631 631 1816 736 quoniam

417 793 556 870 parum
581 779 664 839 tuta
691 788 760 866 par
783 785 823 834 ac
848 759 927 861 ipsa
954 757 1124 861 probitas
1145 774 1220 847 ort,
1245 783 1371 862 noque
1394 755 1494 834 mihi
1521 757 1565 832 in
1583 781 1708 834 manu
1723 757 1814 848 fnit,

417 886 602 994 Iugurtha
615 882 877 988 'qualisforct:
902 879 953 956 ad
974 907 1038 957 vos
1061 879 1234 986 confugi,
1258 885 1384 958 Patros
1402 880 1630 986 conscripti,
1655 883 1816 985 quibus,

415 1011 523 1116 quod
541 1010 639 1086 mihi
667 1009 951 1083 misserrumum
975 1019 1045 1096 cst,
1068 1031 1183 1110 cogor
1207 1007 1314 1108 priua
1338 1005 1445 1082 oncri
1470 1031 1588 1109 quam
1616 1006 1707 1082 usui
1737 1033 1816 1082 mc

418 1135 541 1212 Ceteri
576 1159 676 1239 regas
709 1146 777 1207 aut
799 1129 901 1206 bello
926 1127 1019 1204 victi
1051 1128 1094 1204 in
1125 1128 1335 1204 amicitiam
1362 1157 1385 1203 a
1405 1129 1512 1206 vobis
1539 1129 1682 1235 recepti
1711 1147 1816 1221 sunt,

417 1259 547 1337 autin
569 1259 645 1334 suis
668 1255 795 1331 dubiis
818 1253 929 1328 rebus
949 1251 1168 1328 societatem
1195 1269 1359 1329 rostram
1378 1251 1647 1358 adpetiverunt
1659 1285 1672 1348 ;
1710 1253 1820 1330 fami·

379 1397 382 1412 '
417 1384 468 1458 lia
494 1397 622 1458 nostra
649 1407 740 1454 cum
767 1377 912 1482 populo
944 1377 1117 1452 Romano
1148 1375 1248 1452 bello
1280 1375 1584 1482 Carthaginiensi
1608 1377 1816 1454 amicitiam

414 1507 608 1582 instituit:
636 1530 713 1606 quo
746 1519 917 1604 tempore
943 1499 1062 1603 magis
1085 1497 1176 1574 fidos
1209 1499 1289 1575 eius
1319 1525 1439 1602 quam
1465 1499 1624 1576 fortuna
1651 1501 1813 1606 petenda

411 1617 506 1708 crac
543 1630 721 1726 Quorum
741 1624 961 1731 progeniem
978 1649 1062 1712 vos,
1088 1625 1214 1698 Patras
1237 1621 1464 1728 conscripti,
1481 1623 1602 1699 nolite
1622 1625 1705 1729 pati
1734 1627 1815 1722 (mc

417 1769 594 1859 nepotem
618 1750 863 1849 Massinissae)
889 1747 1030 1822 lmstra
1050 1774 1072 1822 a
1093 1746 1199 1822 robis
1223 1747 1413 1822 auxilium
1434 1764 1571 1850 petere.
1609 1745 1649 1824 Si
1674 1748 1727 1824 ad
1750 1749 1814 1823 im·

413 1876 647 1984 petrandum
663 1871 764 1950 nihil
787 1897 924 1947 cnusaae
949 1869 1129 1946 haberem
1151 1887 1289 1974 practer
1315 1869 1570 1946 miserandam
1599 1870 1810 1961 fortunam,

415 2001 521 2108 quod
541 1999 675 2106 paullo
705 2012 795 2073 ante
818 2021 902 2084 rex,
927 2021 1082 2098 genere,
1104 1993 1207 2070 fama
1228 2011 1345 2098 atquc
1371 1995 1490 2100 copiis
1522 2011 1675 2100 potens,
1710 2023 1813 2074 nunc

412 2127 648 2204 defonnatus
665 2120 874 2208 arumnis,
905 2119 1036 2222 inops,
1063 2117 1207 2194 alienas
1233 2144 1337 2224 opor.
1351 2133 1556 2222 exspecto:
1584 2115 1715 2198 tamen
1735 2135 1813 2198 crat

414 2249 616 2328 maiostatis
640 2243 802 2322 Romani
831 2242 994 2347 populi,
1021 2239 1224 2344 prohibere
1259 2241 1444 2338 iniuriam
1476 2269 1603 2348 neque
1635 2246 1718 2349 pati
1751 2271 1812 2322 cu·

413 2378 592 2480 iusquam
611 2397 771 2476 ragnum
791 2393 860 2472 per
874 2365 1000 2448 ,scelus
1021 2389 1192 2442 crescam.
1226 2368 1372 2442 Verum
1391 2393 1458 2472 ego
1476 2365 1538 2444 his
1560 2366 1703 2448 linibus
1720 2370 1811 2447 cico-

414 2551 717 2618 Guell11‚Bcrn.3.
743 2568 794 2609 vos
809 2547 841 2608 in
865 2549 957 2624 odfin.
976 2546 1073 2609 locum
1097 2565 1184 2628 pron.
1200 2568 1217 2608 n
1232 2548 1363 2629 qninqnc
1382 2547 1476 2609 Cortii
1496 2547 1578 2610 libris
1596 2549 1685 2616 about.
1706 2552 1775 2613 itero
1794 2570 1809 2609 ι

411 2659 494 2725 leid,
508 2683 535 2721 a.
547 2683 573 2727 a,
595 2657 658 2716 loco
679 2653 792 2714 Fabric.
807 2675 832 2712 1.
853 2651 949 2712 Gucll.
965 2674 995 2732 9.
1010 2671 1056 2710 ro.
1074 2672 1120 2716 ra.
1141 2651 1221 2710 Leid.
1234 2673 1259 2717 c.
1270 2653 1298 2712 k.
1319 2655 1417 2734 pluras
1431 2653 1568 2716 l'ntsclrii.
1594 2654 1656 2722 Bar.
1672 2657 1703 2728 4.
1728 2657 1810 2718 Bem.

414 2760 444 2828 l.
464 2759 491 2818 ri
501 2759 687 2836 itoscciasom
710 2759 806 2820 Guelf.
822 2780 846 2817 ι.
877 2757 1020 2816 exercitas
1041 2755 1100 2816 dio.
1127 2755 1213 2820 Bern.
1229 2757 1257 2828 l.
1279 2777 1326 2820 mc
1339 2758 1517 2818 habiturum.
1538 2779 1585 2820 mc
1597 2759 1766 2832 ormlFabr.
1786 2781 1809 2820 ι.

413 2861 511 2922 Guell.
527 2883 572 2923 ιι.
595 2864 700 2924 babere
721 2863 817 2927 Gucls.
831 2863 858 2922 5.
879 2861 993 2921 Fabric.
1007 2880 1035 2920 a.
1060 2859 1192 2940 porentia
1216 2860 1283 2920 mei.
1304 2883 1391 2943 pron.
1412 2862 1478 2924 lliv.
1495 2863 1573 2924 dclct
1587 2886 1622 2926 ex
1635 2865 1733 2928 Godd.
1753 2887 1807 2926 orn

386 2989 388 2996 ’
412 2969 499 3028 ctiam
517 2967 578 3034 Erl.
598 2969 687 3028 Palat.
700 2969 728 3030 8.
748 2967 818 3031 Tur.
847 2965 906 3024 mci
917 2973 1034 3046 parcnt.
1054 2963 1182 3030 Remi.
1199 2966 1295 3046 patris
1311 2966 1398 3027 multi
1416 2987 1583 3048 perperam.
1599 2981 1809 3058 pracqrtoom·

411 3093 488 3134 unus
502 3074 616 3135 Warsii.
633 3072 719 3135 verba
737 3093 804 3154 par.
823 3071 881 3131 mci
894 3079 1041 3152 proecqrto
1062 3070 1094 3130 in
1114 3071 1214 3130 multis
1235 3073 1335 3132 locum
1360 3082 1485 3132 irruunt.
1504 3074 1740 3151 atqucomrbum
1757 3094 1808 3156 po-

407 3177 475 3257 puli
488 3177 621 3238 Romani
639 3198 741 3236 omnes
764 3177 820 3236 scre
835 3174 913 3234 libri.
934 3185 962 3233 ct
974 3175 1062 3236 amic.
1076 3175 1191 3256 populo·
1218 3173 1336 3237 Cortiur
1346 3177 1377 3236 in
1389 3178 1502 3259 aliquot
1515 3177 1598 3237 libris
1610 3181 1732 3241 invenit.
1752 3198 1808 3240 mt-

411 3305 456 3345 or.
468 3283 582 3360 benefic.
598 3305 628 3363 ρ.
641 3301 706 3340 ntea
719 3279 799 3342 vobis
810 3299 941 3338 meorum
957 3267 1018 3339 orn.
1029 3279 1133 3340 Franc.
1151 3279 1299 3338 maiorum
1314 3301 1375 3340 om.
1386 3281 1456 3341 Tur.
1477 3303 1523 3343 mc
1537 3304 1598 3343 om.
1616 3283 1714 3345 Gucli.
1725 3285 1753 3356 4.
1765 3303 1805 3344 ιι.

410 3389 506 3448 Sonat.
519 3409 549 3446 a.
572 3389 671 3446 llouss.
700 3386 785 3444 Bern.
803 3407 827 3445 ι.
841 3387 869 3456 4.
897 3383 961 3445 Bas.
977 3385 1005 3455 4.
1024 3404 1046 3444 o
1058 3383 1138 3444 vobis
1158 3404 1219 3443 om.
1235 3383 1332 3443 Guett.
1353 3406 1398 3444 ro.
1414 3407 1459 3445 rr.
1490 3388 1523 3446 in
1535 3389 1636 3448 multis
1649 3389 1745 3450 todem
1761 3409 1808 3449 n·

411 3493 476 3552 riat.
498 3491 634 3568 beneficio
664 3489 766 3571 populi
781 3489 912 3549 Romani
930 3491 1034 3549 Basa.
1065 3488 1579 3552 ton.d01evitcorr.aocuacomec
1605 3493 1687 3554 Vrat.
1706 3516 1731 3555 ι.
1750 3493 1804 3553 bat.

416 3617 441 3655 r.
460 3607 489 3656 et
506 3597 642 3675 primitus
658 3595 726 3658 Nar.
743 3597 840 3674 pluras
855 3595 949 3655 Cortii
957 3634 969 3665 ,
988 3594 1109 3666 wanti,
1130 3593 1251 3654 Haverc.
1272 3595 1323 3655 clr.
1336 3594 1420 3654 Prisc.
1440 3597 1484 3666 tl.
1500 3617 1524 3654 ι.
1538 3597 1606 3668 584.
1626 3595 1682 3658 Ed.
1694 3597 1746 3657 Kr.
1761 3594 1805 3656 rod

411 3703 534 3782 plurimi
554 3701 622 3758 libri
644 3709 716 3759 aut:
737 3701 789 3759 sect
805 3699 831 3758 si
852 3719 900 3773 cc,
929 3697 1161 3759 antt'tedcas‘i.
1179 3717 1234 3778 por
1257 3717 1288 3758 tc
1308 3699 1401 3780 ipram
1419 3699 1533 3760 Fabric.
1553 3701 1696 3769 vtum
1725 3699 1802 3764 dard

411 3805 510 3866 Gucll.
531 3805 558 3868 5.
583 3824 628 3863 ro.
655 3802 770 3862 Lcid.l.
800 3803 863 3862 Bas.
880 3825 905 3862 1.
935 3801 1069 3882 ipsaom.
1093 3802 1278 3878 Quanto.
1296 3825 1341 3863 ιι.
1367 3808 1446 3884 quod
1464 3806 1540 3865 milti
1559 3806 1691 3869 micat.
1719 3807 1802 3872 calin

412 3912 543 3993 quinqua
563 3907 644 3967 Cort.
664 3912 766 3968 locum
782 3919 885 3968 mutat.
907 3907 983 3967 mibi
1002 3907 1081 3968 nbcst
1100 3907 1183 3968 Rem.
1200 3929 1225 3968 r.
1244 3909 1325 3968 Lcid.
1340 3911 1362 3975 i.
1389 3921 1431 3971 ort
1447 3924 1476 3970 et
1496 3912 1572 3970 milri
1590 3929 1652 3973 om.
1668 3912 1802 3976 coarto

413 4015 520 4094 recepti
533 4023 610 4074 sunt.
630 4024 697 4074 sont
709 4033 769 4073 om.
784 4013 854 4074 Vin.
876 4034 903 4078 ι.
931 4015 963 4072 ἰιι
977 4023 1088 4094 septem
1110 4013 1174 4072 aliia
1190 4016 1292 4073 locunt
1312 4025 1415 4073 mutat.
1438 4015 1685 4078 instituitomr‘cit.
1704 4017 1764 4080 ltu.
1776 4016 1800 4087 l.

411 4121 482 4185 Tur.
502 4119 585 4180 Bern.
601 4141 625 4178 ι.
641 4119 801 4199 pendendo
818 4117 911 4178 edidit
924 4117 1040 4182 Gruter.
1056 4119 1201 4177 incertum
1216 4137 1254 4177 aa
1268 4139 1303 4177 cr
1315 4116 1413 4179 codd.
1440 4120 1594 4200 progenies
1607 4121 1653 4182 itu
1672 4119 1799 4186 Circoott

412 4225 509 4291 Ursin.
530 4231 650 4306 Popma.
676 4221 798 4304 potimc
816 4231 947 4303 nepotem
965 4221 1216 4282 Masinissam
1237 4221 1327 4282 n.M.
1349 4221 1473 4282 dolenda
1498 4235 1669 4287 censuerant
1693 4227 1797 4288 Gruter.

411 4331 547 4415 Bongars.
569 4327 683 4390 Pulach.
702 4325 784 4394 cort
803 4329 856 4389 ted
869 4326 896 4388 si
911 4324 999 4388 Faba
1016 4348 1043 4388 ι.
1063 4326 1143 4390 Vns
1163 4327 1222 4392 inc.
1243 4326 1350 4391 vim.
1370 4325 1466 4392 surr.
1486 4327 1556 4412 Τις.
1577 4327 1796 4416 Μά.ί3.δ.ι,
