3850 4867
1514 347 1580 420 117

180 499 350 574 cruentis
380 498 578 588 manibus,
617 498 777 574 immani
811 500 970 576 avaritia
1005 499 1275 598 nocentissumi
1313 501 1489 604 idemque
1521 525 1591 576 su··
1624 501 1627 508 '

179 623 428 726 perbissumi5
453 625 593 727 quibus
622 622 735 714 lidos,
759 624 890 714 decus,
911 625 1048 728 pietas,
1079 642 1267 729 postremo
1291 623 1447 700 honesta
1469 640 1585 726 atque

180 745 386 822 inhonesta
428 748 556 821 omnia
585 747 746 849 questui
778 764 877 823 sunt.
927 751 1016 838 Pars
1044 774 1177 824 eorum
1208 748 1382 824 occidisse
1411 747 1584 822 tribunos

179 871 326 973 plebis,
352 871 419 946 alii
443 872 666 974 quoestiones
686 871 864 962 iniustas,
889 872 1063 975 plerique
1096 872 1236 947 cadem
1270 872 1312 947 in
1341 897 1403 946 vos
1437 870 1585 960 fecisse,

179 1019 255 1097 pro
278 996 519 1070 munimento
548 994 701 1072 habent
750 997 809 1068 Ita
832 1021 951 1098 quam
982 996 1143 1098 quisque
1176 1022 1345 1099 pessume
1369 995 1479 1085 fecit,
1508 1011 1587 1069 tam
1625 995 1627 1000 ’

180 1145 361 1195 maxume
395 1133 500 1194 tutus
529 1136 603 1207 est,
637 1134 784 1194 metum
814 1145 837 1192 a
867 1117 1005 1194 scelere
1033 1145 1101 1194 suo
1133 1119 1181 1193 ad
1210 1119 1400 1223 ignaviam
1426 1135 1587 1194 vestram

183 1245 431 1320 transtulere:
457 1269 552 1347 quos
566 1242 689 1318 omnis
711 1243 843 1318 eadem
862 1268 1023 1346 cupere,
1048 1243 1180 1319 eadem
1206 1243 1342 1333 odisse,
1367 1242 1498 1318 eadem
1510 1267 1586 1316 me-

182 1384 291 1444 tuere
314 1368 356 1442 in
380 1355 506 1442 unum
530 1366 672 1470 coegit3
696 1355 761 1442 sed
786 1365 868 1441 haec
892 1366 995 1441 inter
1017 1367 1136 1442 bonos
1162 1364 1339 1456 amicitia,
1384 1366 1484 1441 inter
1508 1391 1587 1440 ma-

180 1491 240 1566 los
265 1492 381 1566 factio
403 1507 465 1566 est.
513 1490 630 1586 Quod
644 1489 674 1564 si
698 1505 776 1564 tam
793 1516 855 1564 vos
869 1489 1058 1564 libertatis
1081 1517 1214 1565 curam
1238 1488 1443 1579 haberetis,
1470 1515 1590 1591 quam·
1629 1505 1632 1512 '

180 1615 243 1690 illi
270 1615 322 1690 ad
343 1613 646 1690 dominationem
672 1613 817 1688 accensi
844 1629 957 1705 sunt;
994 1612 1164 1716 profecto
1195 1639 1320 1717 neque
1353 1613 1588 1718 respublica,

180 1739 296 1814 sicuti
317 1765 449 1830 nune,
481 1753 710 1829 vastaretur3
734 1753 773 1812 et
793 1736 978 1812 beneficia
1004 1738 1124 1812 vestra
1151 1762 1264 1841 penes
1289 1753 1482 1842 optumos,
1508 1765 1588 1813 non

181 1863 489 1954 audacissumos,
512 1861 651 1937 forent.
701 1859 864 1934 Maiores
886 1860 1016 1948 vestri,
1032 1859 1195 1963 parandi
1216 1860 1307 1936 iuris
1328 1876 1366 1936 et
1387 1860 1589 1936 maiestatis

182 1987 459 2063 constituenda
481 1984 619 2090 gratia,
644 1982 702 2057 bis
728 2011 798 2088 per
826 1984 1068 2059 secessionem
1101 1985 1237 2058 armati
1265 1983 1497 2059 Aventinum
1528 2009 1588 2058 oc·

184 2136 391 2214 eupavere:
415 2135 480 2185 ros
495 2136 565 2212 pro
581 2107 774 2196 libertate,
793 2107 912 2208 quam
931 2107 980 2180 ab
1001 2106 1075 2180 illis
1094 2107 1304 2210 accepistis,
1331 2133 1461 2182 nonne
1486 2133 1588 2182 sum-

182 2261 248 2310 ma
266 2260 338 2338 ope
358 2231 561 2308 nitemini?
583 2247 699 2332 atque
717 2256 761 2304 eo
779 2227 1055 2319 vehementius,
1082 2256 1160 2332 quo
1183 2230 1306 2305 maius
1330 2231 1489 2306 dedecus
1513 2247 1587 2320 est,

184 2375 296 2464 parta
344 2357 518 2432 amittere
564 2380 681 2457 quam
720 2353 879 2428 omnino
912 2380 992 2428 non
1029 2353 1223 2456 paravisse.
1273 2354 1386 2428 Dicet
1421 2353 1580 2456 aliquis:
1631 2377 1635 2383 ·

184 2483 282 2586 quid
307 2482 424 2586 igitur
443 2481 590 2556 censes?
614 2476 893 2553 vindicandum
912 2475 1047 2565 ineos,
1065 2473 1247 2577 quihosti
1266 2476 1467 2582 prodidere
1488 2479 1589 2552 rem.

183 2668 247 2752 om.
262 2689 359 2750 Guelfi
379 2709 404 2748 1.
415 2710 445 2769 9.
462 2707 506 2748 ιι.
526 2686 601 2748 servi
611 2704 669 2746 (ιιι
679 2684 844 2760 comparati
863 2687 923 2745 inc.
937 2704 964 2748 ι.
985 2683 1087 2748 Franc.
1110 2682 1205 2747 Guell.
1218 2704 1246 2744 ι.
1275 2683 1356 2744 Leid.
1371 2663 1396 2744 c.
1411 2707 1451 2744 m.
1483 2683 1588 2746 servire

178 2794 284 2878 parati
301 2793 385 2854 Rem.
398 2812 423 2851 ι.
444 2791 541 2850 Guell.
556 2811 601 2850 ιι.
622 2790 703 2850 th.
714 2789 742 2849 ὅ.
762 2788 851 2849 sevire
864 2787 968 2869 parati
987 2789 1055 2848 Vin.
1072 2809 1096 2846 1.
1118 2787 1239 2868 imperia
1255 2787 1363 2848 iniusta
1382 2787 1467 2849 Febr.
1484 2801 1512 2849 et
1526 2789 1587 2848 duo
1652 2823 1656 2828 ·

182 2900 281 2964 Gucll.
301 2899 370 2978 imp.
385 2900 465 2960 elom.
481 2895 589 2956 iniusta
609 2894 693 2954 Bern.
708 2915 734 2953 ι.
755 2893 789 2952 in
797 2893 919 2974 imperio
931 2891 998 2952 noti
1016 2894 1103 2974 longo
1121 2893 1243 2972 plurimi
1268 2891 1364 2952 Codd.
1386 2913 1508 2975 praepos.
1526 2910 1586 2952 ont.

182 3005 305 3069 Meneb.
324 3003 390 3065 niv.
410 3000 525 3062 Gruter.
545 3000 633 3081 pauci
645 2997 739 3058 Cortii
752 3009 781 3056 et
795 2999 920 3083 lylanutii
936 2996 1015 3056 libri.
1035 2995 1114 3061 Leid.
1130 3017 1157 3056 a.
1169 2994 1198 3054 b.
1212 3017 1241 3057 c.
1256 2997 1277 3055 s.
1292 2995 1323 3056 h.
1340 2998 1359 3056 i.
1373 3019 1412 3061 m.
1428 2997 1588 3057 n.et1'dcm

182 3112 294 3193 mpod.
315 3106 411 3169 Guell.
422 3095 460 3172 as
471 3107 540 3167 vin.
559 3105 626 3165 Seu.
642 3125 668 3170 ι.
693 3102 815 3170 Leidb.
825 3106 846 3167 1.
858 3125 884 3162 c.
897 3104 918 3160 s.
938 3102 998 3162 inc.
1013 3122 1040 3160 ι.
1063 3106 1163 3162 Prone.
1183 3101 1263 3162 th.
1278 3121 1305 3165 a.
1333 3101 1423 3164 llark.
1435 3113 1463 3164 r·
1487 3100 1586 3164 Pemb.

183 3217 264 3277 man
278 3216 340 3274 sine
357 3216 465 3293 copula
484 3211 552 3271 Eec.
572 3209 650 3269 rilem
669 3227 771 3268 omnes
789 3209 847 3267 lere
859 3207 926 3266 libri
940 3207 1127 3266 confirmant.
1155 3205 1329 3266 transtulere
1348 3216 1475 3266 vestram
1500 3204 1585 3264 Febr.

182 3321 254 3382 Tur.
266 3319 402 3380 omrem
413 3316 491 3375 inter
498 3314 690 3392 molosjuctio
698 3312 767 3372 Feb.
780 3333 806 3376 a.
822 3314 901 3390 qrtod
911 3312 938 3372 si
947 3321 1009 3370 tam
1021 3331 1077 3370 υοι.
1087 3319 1257 3371 restantem
1266 3308 1363 3374 Guelf.
1371 3333 1399 3392 7.
1408 3309 1548 3370 Fnb.Sen.
1559 3329 1587 3371 a.

185 3403 284 3488 lleuss
300 3423 369 3506 Τις.
386 3419 523 3482 itaedidit
533 3418 644 3478 Carrio.
652 3439 701 3480 vos
710 3439 770 3481 om.
780 3417 878 3477 Guelf.
894 3437 918 3482 1.
936 3418 965 3486 4.
985 3417 1080 3477 Strur.
1102 3417 1186 3476 llem.
1201 3417 1267 3476 1.in
1284 3415 1347 3474 aliis
1358 3418 1457 3475 losum
1485 3425 1588 3474 nrumt.

184 3541 303 3593 tantum
314 3548 362 3590 vos
372 3571 380 3586 .
391 3570 399 3584 .
410 3570 417 3585 .
429 3534 574 3604 quantum
594 3524 656 3584 Bas.
666 3525 694 3594 l.
715 3521 949 3582 ‹lomiaotr‘onem
963 3519 1156 3582 vatrtsena.
1178 3520 1277 3584 Hense.
1290 3517 1383 3580 vostri
1392 3517 1589 3582 Bern.3.mc-

185 3639 262 3700 iores
277 3631 373 3695 nostri
398 3631 494 3691 Guell.
512 3651 541 3710 9.
557 3649 602 3688 ιο.
633 3628 719 3688 Fabr.
737 3627 830 3686 etalii
847 3625 967 3706 qnidam
985 3621 1590 3688 Cortii.Leid.b.d.l.k.Aventmontem

185 3741 273 3804 Febr.
292 3740 361 3802 vin.
376 3757 403 3797 ι.
414 3735 466 3796 Ac.
480 3735 564 3794 Rem.
578 3754 605 3794 ιι.
623 3732 692 3815 Teg.
711 3731 772 3790 Bas.
783 3732 812 3800 4.
825 3729 909 3794 Bern.
924 3751 948 3786 ι.
969 3728 1038 3789 Τιιι.
1049 3729 1143 3788 Struv.
1165 3727 1270 3788 Franc.
1290 3729 1350 3787 inc.
1362 3748 1389 3792 2.
1410 3727 1476 3788 Ecc.
1493 3728 1590 3790 Guell.

188 3872 219 3931 7.
232 3869 261 3928 9.
277 3865 325 3905 ιο.
342 3863 387 3908 ιι.
398 3841 480 3901 Leid-
490 3859 517 3904 c.
530 3837 561 3899 d.
571 3859 597 3898 c.
609 3838 630 3901 l.
641 3834 672 3895 h.
684 3838 704 3894 i.
716 3836 742 3893 k.
754 3856 785 3894 n.
803 3831 1001 3893 delventinum
1013 3831 1074 3892 Bas.
1088 3854 1113 3891 1.
1135 3831 1220 3892 Bern.
1232 3831 1261 3892 3.
1281 3831 1330 3892 sed
1344 3833 1368 3892 is
1383 3830 1458 3892 Λιίν.
1484 3852 1529 3893 oc.
1550 3855 1590 3894 m.

188 3942 253 4014 non
264 3967 379 4013 summo
398 3943 511 4010 Fabm
533 3942 627 4023 mags's
636 3941 717 4004 Leid.
731 3940 761 3998 b.
774 3938 804 3999 d.
813 3941 833 3998 s.
842 3938 869 3998 k.
890 3936 959 4018 Teg.
983 3937 1068 4002 Paris,
1084 3936 1114 3996 d.
1127 3958 1152 4002 c,
1172 3938 1251 4016 quod
1270 3937 1373 3996 maius.
1388 3938 1468 4015 qnod
1477 3937 1546 3998 sen.
1565 3959 1591 4006 1.

185 4059 282 4120 Suus.
295 4055 356 4120 inc,
369 4071 395 4111 ι.
416 4050 500 4114 llam.
515 4069 541 4108 ι.
562 4047 659 4111 Guell.
672 4065 701 4127 9.
725 4045 810 4104 Paris.
829 4043 859 4102 lt.
875 4064 901 4108 e.
922 4041 1062 4121 ursoniam
1077 4040 1129 4102 Ac.
1139 4041 1242 4100 Franc.
1252 4051 1360 4121 parato
1376 4041 1472 4102 amitt.
1492 4041 1589 4104 Guell.

187 4163 218 4226 3.
231 4183 262 4246 9.
279 4160 389 4224 Vins.
409 4154 494 4222 Febr.
507 4174 535 4216 a.
556 4172 652 4236 supr.
671 4149 825 4234 Leideg.
855 4147 988 4210 omittere
1012 4147 1080 4210 Vin.
1095 4165 1105 4228 ¹.
1112 4188 1120 4204 .
1140 4144 1253 4206 Fuluia.
1265 4165 1294 4208 ι.
1314 4145 1423 4207 Sen.1.
1446 4144 1542 4209 Gucll.
1564 4167 1589 4210 t.
