<?xml version="1.0" encoding="UTF-8"?>
<!DOCTYPE html PUBLIC "-//W3C//DTD XHTML 1.0 Transitional//EN"
    "http://www.w3.org/TR/xhtml1/DTD/xhtml1-transitional.dtd">
<html xmlns="http://www.w3.org/1999/xhtml" xml:lang="en" lang="en">
 <head>
  <title>
</title>
<meta http-equiv="Content-Type" content="text/html;charset=utf-8" />
  <meta name='ocr-system' content='tesseract 3.04.00' />
  <meta name='ocr-capabilities' content='ocr_page ocr_carea ocr_par ocr_line ocrx_word'/>
</head>
<body>
  <div class='ocr_page' id='page_1' title='image "./salustiiquaeexs01sallgoog_0088.png"; bbox 0 0 3850 4867; ppageno 0'>
   <div class='ocr_carea' id='block_1_1' title="bbox 374 298 420 375">
    <p class='ocr_par' dir='ltr' id='par_1_1' title="bbox 374 298 420 375">
     <span class='ocr_line' id='line_1_1' title="bbox 374 298 420 375; baseline -0.087 0"><span class='ocrx_word' id='word_1_1' title='bbox 374 298 420 375; x_wconf 81' lang='lat'><strong>52</strong></span> 
     </span>
    </p>
   </div>
   <div class='ocr_carea' id='block_1_2' title="bbox 370 488 1783 4198">
    <p class='ocr_par' dir='ltr' id='par_1_2' title="bbox 370 488 1783 4198">
     <span class='ocr_line' id='line_1_2' title="bbox 373 488 1782 600; baseline 0.004 -35"><span class='ocrx_word' id='word_1_2' title='bbox 373 518 460 565; x_wconf 90' lang='lat' dir='ltr'><strong>rum</strong></span> <span class='ocrx_word' id='word_1_3' title='bbox 471 488 700 593; x_wconf 88' lang='lat' dir='ltr'><strong>scriptorum</strong></span> <span class='ocrx_word' id='word_1_4' title='bbox 720 493 892 571; x_wconf 88' lang='lat' dir='ltr'><strong>oratione</strong></span> <span class='ocrx_word' id='word_1_5' title='bbox 906 492 1184 569; x_wconf 86' lang='lat' dir='ltr'><strong>accuratissime</strong></span> <span class='ocrx_word' id='word_1_6' title='bbox 1206 493 1440 586; x_wconf 84' lang='lat' dir='ltr'><strong>examinata,</strong></span> <span class='ocrx_word' id='word_1_7' title='bbox 1466 494 1596 599; x_wconf 90' lang='lat' dir='ltr'><strong>parari</strong></span> <span class='ocrx_word' id='word_1_8' title='bbox 1615 522 1694 571; x_wconf 90' lang='lat' dir='ltr'><strong>non</strong></span> <span class='ocrx_word' id='word_1_9' title='bbox 1707 523 1782 600; x_wconf 80' lang='lat' dir='ltr'><strong>po·</strong></span> 
     </span>
     <span class='ocr_line' id='line_1_3' title="bbox 373 609 1781 717; baseline 0.004 -34"><span class='ocrx_word' id='word_1_10' title='bbox 373 622 451 683; x_wconf 87' lang='lat' dir='ltr'><strong>test.</strong></span> <span class='ocrx_word' id='word_1_11' title='bbox 485 609 591 681; x_wconf 84' lang='lat' dir='ltr'><strong>Inter</strong></span> <span class='ocrx_word' id='word_1_12' title='bbox 619 634 748 685; x_wconf 89' lang='lat' dir='ltr'><strong>omnes</strong></span> <span class='ocrx_word' id='word_1_13' title='bbox 767 610 854 685; x_wconf 87' lang='lat' dir='ltr'><strong>satis</strong></span> <span class='ocrx_word' id='word_1_14' title='bbox 877 624 1025 686; x_wconf 88' lang='lat' dir='ltr'><strong>constat</strong></span> <span class='ocrx_word' id='word_1_15' title='bbox 1044 610 1229 716; x_wconf 85' lang='lat' dir='ltr'><strong>plurimas</strong></span> <span class='ocrx_word' id='word_1_16' title='bbox 1252 613 1587 715; x_wconf 75' lang='lat' dir='ltr'><strong>grammaticorum</strong></span> <span class='ocrx_word' id='word_1_17' title='bbox 1609 613 1781 717; x_wconf 70' lang='lat' dir='ltr'><strong>regulas,</strong></span> 
     </span>
     <span class='ocr_line' id='line_1_4' title="bbox 371 721 1782 831; baseline 0.006 -37"><span class='ocrx_word' id='word_1_18' title='bbox 371 746 456 824; x_wconf 81' lang='lat' dir='ltr'><strong>quar</strong></span> <span class='ocrx_word' id='word_1_19' title='bbox 481 721 530 795; x_wconf 90' lang='lat' dir='ltr'><strong>ad</strong></span> <span class='ocrx_word' id='word_1_20' title='bbox 559 726 740 801; x_wconf 89' lang='lat' dir='ltr'><strong>sermonis</strong></span> <span class='ocrx_word' id='word_1_21' title='bbox 769 728 896 803; x_wconf 90' lang='lat' dir='ltr'><strong>Latini</strong></span> <span class='ocrx_word' id='word_1_22' title='bbox 928 754 1040 803; x_wconf 90' lang='lat' dir='ltr'><strong>usum</strong></span> <span class='ocrx_word' id='word_1_23' title='bbox 1073 727 1346 803; x_wconf 89' lang='lat' dir='ltr'><strong>illustrandum</strong></span> <span class='ocrx_word' id='word_1_24' title='bbox 1369 728 1605 831; x_wconf 86' lang='lat' dir='ltr'><strong>pertineant,</strong></span> <span class='ocrx_word' id='word_1_25' title='bbox 1629 729 1782 803; x_wconf 89' lang='lat' dir='ltr'><strong>Cicero-</strong></span> 
     </span>
     <span class='ocr_line' id='line_1_5' title="bbox 371 838 1779 948; baseline 0.005 -35"><span class='ocrx_word' id='word_1_26' title='bbox 371 838 534 913; x_wconf 89' lang='lat' dir='ltr'><strong>nianum</strong></span> <span class='ocrx_word' id='word_1_27' title='bbox 546 841 782 941; x_wconf 86' lang='lat' dir='ltr'><strong>potissimum</strong></span> <span class='ocrx_word' id='word_1_28' title='bbox 798 842 951 918; x_wconf 90' lang='lat' dir='ltr'><strong>dicendi</strong></span> <span class='ocrx_word' id='word_1_29' title='bbox 962 869 1081 948; x_wconf 80' lang='lat' dir='ltr'><strong>genus</strong></span> <span class='ocrx_word' id='word_1_30' title='bbox 1096 842 1304 946; x_wconf 79' lang='lat' dir='ltr'><strong>explicare3</strong></span> <span class='ocrx_word' id='word_1_31' title='bbox 1327 844 1409 948; x_wconf 88' lang='lat' dir='ltr'><strong>ejus</strong></span> <span class='ocrx_word' id='word_1_32' title='bbox 1424 845 1529 919; x_wconf 87' lang='lat' dir='ltr'><strong>enim</strong></span> <span class='ocrx_word' id='word_1_33' title='bbox 1546 845 1779 933; x_wconf 87' lang='lat' dir='ltr'><strong>orationem,</strong></span> 
     </span>
     <span class='ocr_line' id='line_1_6' title="bbox 377 959 1779 1062; baseline 0.008 -36"><span class='ocrx_word' id='word_1_34' title='bbox 377 968 563 1055; x_wconf 81' lang='lat' dir='ltr'><strong>tanquam</strong></span> <span class='ocrx_word' id='word_1_35' title='bbox 583 959 741 1034; x_wconf 91' lang='lat' dir='ltr'><strong>unicam</strong></span> <span class='ocrx_word' id='word_1_36' title='bbox 757 976 857 1035; x_wconf 89' lang='lat' dir='ltr'><strong>recte</strong></span> <span class='ocrx_word' id='word_1_37' title='bbox 873 960 1058 1062; x_wconf 89' lang='lat' dir='ltr'><strong>loquendi</strong></span> <span class='ocrx_word' id='word_1_38' title='bbox 1075 986 1253 1035; x_wconf 89' lang='lat' dir='ltr'><strong>normam</strong></span> <span class='ocrx_word' id='word_1_39' title='bbox 1276 960 1395 1036; x_wconf 89' lang='lat' dir='ltr'><strong>secuti</strong></span> <span class='ocrx_word' id='word_1_40' title='bbox 1410 975 1510 1034; x_wconf 88' lang='lat' dir='ltr'><strong>sunt</strong></span> <span class='ocrx_word' id='word_1_41' title='bbox 1533 960 1779 1061; x_wconf 82' lang='lat' dir='ltr'><strong>Antiquiores</strong></span> 
     </span>
     <span class='ocr_line' id='line_1_7' title="bbox 372 1072 1777 1179; baseline 0.005 -36"><span class='ocrx_word' id='word_1_42' title='bbox 372 1086 521 1171; x_wconf 87' lang='lat' dir='ltr'><strong>poetas,</strong></span> <span class='ocrx_word' id='word_1_43' title='bbox 534 1072 722 1165; x_wconf 90' lang='lat' dir='ltr'><strong>Plautum,</strong></span> <span class='ocrx_word' id='word_1_44' title='bbox 735 1078 956 1151; x_wconf 86' lang='lat' dir='ltr'><strong>Terentium</strong></span> <span class='ocrx_word' id='word_1_45' title='bbox 979 1094 1096 1179; x_wconf 91' lang='lat' dir='ltr'><strong>atque</strong></span> <span class='ocrx_word' id='word_1_46' title='bbox 1113 1076 1351 1165; x_wconf 89' lang='lat' dir='ltr'><strong>Lucretium,</strong></span> <span class='ocrx_word' id='word_1_47' title='bbox 1366 1072 1563 1151; x_wconf 90' lang='lat' dir='ltr'><strong>historicos</strong></span> <span class='ocrx_word' id='word_1_48' title='bbox 1580 1093 1777 1179; x_wconf 66' lang='lat' dir='ltr'><strong>praetereas</strong></span> 
     </span>
     <span class='ocr_line' id='line_1_8' title="bbox 371 1186 1780 1296; baseline 0.006 -37"><span class='ocrx_word' id='word_1_49' title='bbox 371 1186 572 1279; x_wconf 81' lang='lat' dir='ltr'><strong>Caesarem,</strong></span> <span class='ocrx_word' id='word_1_50' title='bbox 595 1191 818 1283; x_wconf 83' lang='lat' dir='ltr'><strong>Salustium,</strong></span> <span class='ocrx_word' id='word_1_51' title='bbox 837 1192 989 1267; x_wconf 81' lang='lat' dir='ltr'><strong>Livium</strong></span> <span class='ocrx_word' id='word_1_52' title='bbox 1006 1210 1044 1267; x_wconf 92' lang='lat' dir='ltr'><strong>et</strong></span> <span class='ocrx_word' id='word_1_53' title='bbox 1057 1193 1233 1267; x_wconf 88' lang='lat' dir='ltr'><strong>Tacitum</strong></span> <span class='ocrx_word' id='word_1_54' title='bbox 1250 1208 1319 1267; x_wconf 87' lang='lat' dir='ltr'><strong>aut</strong></span> <span class='ocrx_word' id='word_1_55' title='bbox 1337 1193 1495 1267; x_wconf 92' lang='lat' dir='ltr'><strong>omnino</strong></span> <span class='ocrx_word' id='word_1_56' title='bbox 1516 1192 1780 1296; x_wconf 79' lang='lat' dir='ltr'><strong>neglexerunt,</strong></span> 
     </span>
     <span class='ocr_line' id='line_1_9' title="bbox 371 1304 1778 1411; baseline 0.006 -36"><span class='ocrx_word' id='word_1_57' title='bbox 371 1320 439 1377; x_wconf 89' lang='lat' dir='ltr'><strong>aut</strong></span> <span class='ocrx_word' id='word_1_58' title='bbox 459 1304 544 1380; x_wconf 89' lang='lat' dir='ltr'><strong>ideo</strong></span> <span class='ocrx_word' id='word_1_59' title='bbox 563 1308 802 1409; x_wconf 88' lang='lat' dir='ltr'><strong>potissimum</strong></span> <span class='ocrx_word' id='word_1_60' title='bbox 826 1308 1062 1398; x_wconf 84' lang='lat' dir='ltr'><strong>laudarunt,</strong></span> <span class='ocrx_word' id='word_1_61' title='bbox 1086 1324 1132 1383; x_wconf 91' lang='lat' dir='ltr'><strong>ut</strong></span> <span class='ocrx_word' id='word_1_62' title='bbox 1152 1334 1212 1383; x_wconf 90' lang='lat' dir='ltr'><strong>eos</strong></span> <span class='ocrx_word' id='word_1_63' title='bbox 1238 1336 1260 1382; x_wconf 91' lang='lat' dir='ltr'><strong>a</strong></span> <span class='ocrx_word' id='word_1_64' title='bbox 1282 1308 1472 1383; x_wconf 89' lang='lat' dir='ltr'><strong>Ciceronis</strong></span> <span class='ocrx_word' id='word_1_65' title='bbox 1499 1334 1573 1381; x_wconf 89' lang='lat' dir='ltr'><strong>usu</strong></span> <span class='ocrx_word' id='word_1_66' title='bbox 1593 1308 1778 1411; x_wconf 86' lang='lat' dir='ltr'><strong>loquendi</strong></span> 
     </span>
     <span class='ocr_line' id='line_1_10' title="bbox 371 1420 1780 1514; baseline 0.006 -22"><span class='ocrx_word' id='word_1_67' title='bbox 371 1420 555 1495; x_wconf 80' lang='lat' dir='ltr'><strong>recessisse</strong></span> <span class='ocrx_word' id='word_1_68' title='bbox 581 1422 768 1499; x_wconf 90' lang='lat' dir='ltr'><strong>docerent.</strong></span> <span class='ocrx_word' id='word_1_69' title='bbox 811 1426 939 1500; x_wconf 87' lang='lat' dir='ltr'><strong>Nolim</strong></span> <span class='ocrx_word' id='word_1_70' title='bbox 969 1424 1167 1499; x_wconf 87' lang='lat' dir='ltr'><strong>clarissimi</strong></span> <span class='ocrx_word' id='word_1_71' title='bbox 1192 1424 1350 1499; x_wconf 89' lang='lat' dir='ltr'><strong>oratoris</strong></span> <span class='ocrx_word' id='word_1_72' title='bbox 1370 1422 1501 1497; x_wconf 88' lang='lat' dir='ltr'><strong>laudes</strong></span> <span class='ocrx_word' id='word_1_73' title='bbox 1525 1424 1780 1514; x_wconf 74' lang='lat' dir='ltr'><strong>imminuam,</strong></span> 
     </span>
     <span class='ocr_line' id='line_1_11' title="bbox 370 1533 1781 1645; baseline 0.005 -37"><span class='ocrx_word' id='word_1_74' title='bbox 370 1533 435 1610; x_wconf 91' lang='lat' dir='ltr'><strong>sed</strong></span> <span class='ocrx_word' id='word_1_75' title='bbox 456 1536 601 1612; x_wconf 89' lang='lat' dir='ltr'><strong>etiamsi</strong></span> <span class='ocrx_word' id='word_1_76' title='bbox 623 1540 810 1643; x_wconf 89' lang='lat' dir='ltr'><strong>optimum</strong></span> <span class='ocrx_word' id='word_1_77' title='bbox 832 1542 909 1615; x_wconf 91' lang='lat' dir='ltr'><strong>stili</strong></span> <span class='ocrx_word' id='word_1_78' title='bbox 929 1541 1152 1645; x_wconf 77' lang='lat' dir='ltr'><strong>magistrum</strong></span> <span class='ocrx_word' id='word_1_79' title='bbox 1171 1566 1261 1613; x_wconf 90' lang='lat' dir='ltr'><strong>eum</strong></span> <span class='ocrx_word' id='word_1_80' title='bbox 1281 1554 1382 1613; x_wconf 89' lang='lat' dir='ltr'><strong>recte</strong></span> <span class='ocrx_word' id='word_1_81' title='bbox 1408 1538 1564 1629; x_wconf 83' lang='lat' dir='ltr'><strong>dixeris,</strong></span> <span class='ocrx_word' id='word_1_82' title='bbox 1593 1555 1722 1621; x_wconf 87' lang='lat' dir='ltr'><strong>tamen</strong></span> <span class='ocrx_word' id='word_1_83' title='bbox 1734 1557 1781 1617; x_wconf 91' lang='lat' dir='ltr'><strong>ut</strong></span> 
     </span>
     <span class='ocr_line' id='line_1_12' title="bbox 371 1651 1782 1759; baseline 0.005 -35"><span class='ocrx_word' id='word_1_84' title='bbox 371 1651 512 1755; x_wconf 80' lang='lat' dir='ltr'><strong>linguae</strong></span> <span class='ocrx_word' id='word_1_85' title='bbox 534 1654 732 1758; x_wconf 85' lang='lat' dir='ltr'><strong>cujusdam</strong></span> <span class='ocrx_word' id='word_1_86' title='bbox 754 1659 853 1733; x_wconf 89' lang='lat' dir='ltr'><strong>ratio</strong></span> <span class='ocrx_word' id='word_1_87' title='bbox 873 1674 989 1759; x_wconf 87' lang='lat' dir='ltr'><strong>atque</strong></span> <span class='ocrx_word' id='word_1_88' title='bbox 1015 1673 1153 1730; x_wconf 87' lang='lat' dir='ltr'><strong>natura</strong></span> <span class='ocrx_word' id='word_1_89' title='bbox 1185 1671 1453 1759; x_wconf 78' lang='lat' dir='ltr'><strong>cognoscatur,</strong></span> <span class='ocrx_word' id='word_1_90' title='bbox 1476 1683 1557 1730; x_wconf 92' lang='lat' dir='ltr'><strong>non</strong></span> <span class='ocrx_word' id='word_1_91' title='bbox 1586 1656 1636 1730; x_wconf 92' lang='lat' dir='ltr'><strong>ad</strong></span> <span class='ocrx_word' id='word_1_92' title='bbox 1661 1657 1782 1732; x_wconf 87' lang='lat' dir='ltr'><strong>unius</strong></span> 
     </span>
     <span class='ocr_line' id='line_1_13' title="bbox 373 1769 1782 1876; baseline 0.004 -35"><span class='ocrx_word' id='word_1_93' title='bbox 373 1769 531 1843; x_wconf 89' lang='lat' dir='ltr'><strong>oratoris</strong></span> <span class='ocrx_word' id='word_1_94' title='bbox 550 1771 753 1876; x_wconf 81' lang='lat' dir='ltr'><strong>elegantias</strong></span> <span class='ocrx_word' id='word_1_95' title='bbox 775 1788 829 1847; x_wconf 89' lang='lat' dir='ltr'><strong>est</strong></span> <span class='ocrx_word' id='word_1_96' title='bbox 857 1772 1101 1876; x_wconf 79' lang='lat' dir='ltr'><strong>dirigendum</strong></span> <span class='ocrx_word' id='word_1_97' title='bbox 1122 1770 1333 1875; x_wconf 87' lang='lat' dir='ltr'><strong>judicium,</strong></span> <span class='ocrx_word' id='word_1_98' title='bbox 1357 1770 1419 1847; x_wconf 88' lang='lat' dir='ltr'><strong>sed</strong></span> <span class='ocrx_word' id='word_1_99' title='bbox 1446 1788 1486 1848; x_wconf 91' lang='lat' dir='ltr'><strong>et</strong></span> <span class='ocrx_word' id='word_1_100' title='bbox 1509 1770 1681 1848; x_wconf 88' lang='lat' dir='ltr'><strong>historici</strong></span> <span class='ocrx_word' id='word_1_101' title='bbox 1713 1772 1782 1847; x_wconf 86' lang='lat' dir='ltr'><strong>ad·</strong></span> 
     </span>
     <span class='ocr_line' id='line_1_14' title="bbox 371 1882 1783 1993; baseline 0.005 -36"><span class='ocrx_word' id='word_1_102' title='bbox 371 1882 530 1961; x_wconf 91' lang='lat' dir='ltr'><strong>hibendi</strong></span> <span class='ocrx_word' id='word_1_103' title='bbox 542 1905 580 1963; x_wconf 89' lang='lat' dir='ltr'><strong>et</strong></span> <span class='ocrx_word' id='word_1_104' title='bbox 592 1890 846 1993; x_wconf 85' lang='lat' dir='ltr'><strong>antiquissimi</strong></span> <span class='ocrx_word' id='word_1_105' title='bbox 856 1890 1030 1993; x_wconf 88' lang='lat' dir='ltr'><strong>inprimis</strong></span> <span class='ocrx_word' id='word_1_106' title='bbox 1044 1888 1253 1992; x_wconf 81' lang='lat' dir='ltr'><strong>scriptores,</strong></span> <span class='ocrx_word' id='word_1_107' title='bbox 1270 1887 1347 1963; x_wconf 83' lang='lat' dir='ltr'><strong>sive</strong></span> <span class='ocrx_word' id='word_1_108' title='bbox 1359 1888 1483 1962; x_wconf 90' lang='lat' dir='ltr'><strong>soluta</strong></span> <span class='ocrx_word' id='word_1_109' title='bbox 1500 1889 1687 1977; x_wconf 87' lang='lat' dir='ltr'><strong>oratione,</strong></span> <span class='ocrx_word' id='word_1_110' title='bbox 1702 1889 1783 1965; x_wconf 81' lang='lat' dir='ltr'><strong>sive</strong></span> 
     </span>
     <span class='ocr_line' id='line_1_15' title="bbox 372 2001 1781 2109; baseline 0.004 -34"><span class='ocrx_word' id='word_1_111' title='bbox 372 2001 539 2078; x_wconf 83' lang='lat' dir='ltr'><strong>versibus</strong></span> <span class='ocrx_word' id='word_1_112' title='bbox 564 2006 814 2109; x_wconf 86' lang='lat' dir='ltr'><strong>scripserunt,</strong></span> <span class='ocrx_word' id='word_1_113' title='bbox 839 2004 1084 2080; x_wconf 86' lang='lat' dir='ltr'><strong>examinandi</strong></span> <span class='ocrx_word' id='word_1_114' title='bbox 1111 2020 1211 2077; x_wconf 83' lang='lat' dir='ltr'><strong>sunt.</strong></span> <span class='ocrx_word' id='word_1_115' title='bbox 1257 2004 1369 2077; x_wconf 89' lang='lat' dir='ltr'><strong>Hanc</strong></span> <span class='ocrx_word' id='word_1_116' title='bbox 1396 2004 1554 2106; x_wconf 87' lang='lat' dir='ltr'><strong>quidem</strong></span> <span class='ocrx_word' id='word_1_117' title='bbox 1582 2005 1703 2108; x_wconf 76' lang='lat' dir='ltr'><strong>legem</strong></span> <span class='ocrx_word' id='word_1_118' title='bbox 1735 2005 1781 2081; x_wconf 87' lang='lat' dir='ltr'><strong>in</strong></span> 
     </span>
     <span class='ocr_line' id='line_1_16' title="bbox 374 2118 1782 2221; baseline 0.003 -30"><span class='ocrx_word' id='word_1_119' title='bbox 374 2118 508 2212; x_wconf 65' lang='lat' dir='ltr'><strong>Graeco</strong></span> <span class='ocrx_word' id='word_1_120' title='bbox 536 2146 708 2196; x_wconf 89' lang='lat' dir='ltr'><strong>sermone</strong></span> <span class='ocrx_word' id='word_1_121' title='bbox 735 2122 963 2196; x_wconf 88' lang='lat' dir='ltr'><strong>illustrando</strong></span> <span class='ocrx_word' id='word_1_122' title='bbox 995 2138 1124 2196; x_wconf 88' lang='lat' dir='ltr'><strong>nostra</strong></span> <span class='ocrx_word' id='word_1_123' title='bbox 1144 2136 1254 2195; x_wconf 88' lang='lat' dir='ltr'><strong>aetate</strong></span> <span class='ocrx_word' id='word_1_124' title='bbox 1280 2146 1410 2194; x_wconf 81' lang='lat' dir='ltr'><strong>omnes</strong></span> <span class='ocrx_word' id='word_1_125' title='bbox 1442 2120 1520 2195; x_wconf 83' lang='lat' dir='ltr'><strong>fere</strong></span> <span class='ocrx_word' id='word_1_126' title='bbox 1545 2136 1782 2221; x_wconf 86' lang='lat' dir='ltr'><strong>sequuntur,</strong></span> 
     </span>
     <span class='ocr_line' id='line_1_17' title="bbox 373 2235 1782 2313; baseline 0.004 -6"><span class='ocrx_word' id='word_1_127' title='bbox 373 2235 501 2310; x_wconf 91' lang='lat' dir='ltr'><strong>sedin</strong></span> <span class='ocrx_word' id='word_1_128' title='bbox 530 2238 668 2313; x_wconf 92' lang='lat' dir='ltr'><strong>Latino</strong></span> <span class='ocrx_word' id='word_1_129' title='bbox 693 2238 812 2311; x_wconf 91' lang='lat' dir='ltr'><strong>nimia</strong></span> <span class='ocrx_word' id='word_1_130' title='bbox 840 2238 1031 2312; x_wconf 87' lang='lat' dir='ltr'><strong>Ciceronis</strong></span> <span class='ocrx_word' id='word_1_131' title='bbox 1054 2236 1259 2311; x_wconf 82' lang='lat' dir='ltr'><strong>auctoritas</strong></span> <span class='ocrx_word' id='word_1_132' title='bbox 1284 2236 1354 2311; x_wconf 93' lang='lat' dir='ltr'><strong>diu</strong></span> <span class='ocrx_word' id='word_1_133' title='bbox 1381 2236 1607 2311; x_wconf 86' lang='lat' dir='ltr'><strong>accuratiori</strong></span> <span class='ocrx_word' id='word_1_134' title='bbox 1636 2253 1782 2312; x_wconf 78' lang='lat' dir='ltr'><strong>ceteto-</strong></span> 
     </span>
     <span class='ocr_line' id='line_1_18' title="bbox 376 2351 1782 2457; baseline 0.002 -33"><span class='ocrx_word' id='word_1_135' title='bbox 376 2378 462 2425; x_wconf 89' lang='lat' dir='ltr'><strong>rum</strong></span> <span class='ocrx_word' id='word_1_136' title='bbox 485 2352 714 2457; x_wconf 88' lang='lat' dir='ltr'><strong>scriptorum</strong></span> <span class='ocrx_word' id='word_1_137' title='bbox 734 2353 861 2429; x_wconf 90' lang='lat' dir='ltr'><strong>studio</strong></span> <span class='ocrx_word' id='word_1_138' title='bbox 888 2354 1022 2429; x_wconf 85' lang='lat' dir='ltr'><strong>offecit</strong></span> <span class='ocrx_word' id='word_1_139' title='bbox 1062 2356 1160 2427; x_wconf 90' lang='lat' dir='ltr'><strong>Cum</strong></span> <span class='ocrx_word' id='word_1_140' title='bbox 1180 2351 1267 2442; x_wconf 92' lang='lat' dir='ltr'><strong>alii,</strong></span> <span class='ocrx_word' id='word_1_141' title='bbox 1293 2368 1378 2427; x_wconf 91' lang='lat' dir='ltr'><strong>tum</strong></span> <span class='ocrx_word' id='word_1_142' title='bbox 1399 2354 1593 2426; x_wconf 87' lang='lat' dir='ltr'><strong>Ernestius</strong></span> <span class='ocrx_word' id='word_1_143' title='bbox 1615 2351 1782 2427; x_wconf 83' lang='lat' dir='ltr'><strong>maxime</strong></span> 
     </span>
     <span class='ocr_line' id='line_1_19' title="bbox 373 2466 1783 2571; baseline 0.003 -32"><span class='ocrx_word' id='word_1_144' title='bbox 373 2467 497 2541; x_wconf 91' lang='lat' dir='ltr'><strong>solum</strong></span> <span class='ocrx_word' id='word_1_145' title='bbox 520 2470 740 2546; x_wconf 87' lang='lat' dir='ltr'><strong>Ciceronem</strong></span> <span class='ocrx_word' id='word_1_146' title='bbox 762 2470 961 2557; x_wconf 89' lang='lat' dir='ltr'><strong>admirati,</strong></span> <span class='ocrx_word' id='word_1_147' title='bbox 987 2468 1028 2542; x_wconf 91' lang='lat' dir='ltr'><strong>in</strong></span> <span class='ocrx_word' id='word_1_148' title='bbox 1049 2466 1238 2542; x_wconf 87' lang='lat' dir='ltr'><strong>historicis</strong></span> <span class='ocrx_word' id='word_1_149' title='bbox 1267 2466 1561 2571; x_wconf 86' lang='lat' dir='ltr'><strong>interpretandis</strong></span> <span class='ocrx_word' id='word_1_150' title='bbox 1589 2484 1626 2542; x_wconf 91' lang='lat' dir='ltr'><strong>et</strong></span> <span class='ocrx_word' id='word_1_151' title='bbox 1652 2494 1783 2543; x_wconf 88' lang='lat' dir='ltr'><strong>emen-</strong></span> 
     </span>
     <span class='ocr_line' id='line_1_20' title="bbox 377 2580 1783 2687; baseline 0.004 -34"><span class='ocrx_word' id='word_1_152' title='bbox 377 2580 513 2657; x_wconf 86' lang='lat' dir='ltr'><strong>dandis</strong></span> <span class='ocrx_word' id='word_1_153' title='bbox 531 2586 665 2687; x_wconf 82' lang='lat' dir='ltr'><strong>saepius</strong></span> <span class='ocrx_word' id='word_1_154' title='bbox 684 2614 705 2660; x_wconf 90' lang='lat' dir='ltr'><strong>a</strong></span> <span class='ocrx_word' id='word_1_155' title='bbox 726 2614 812 2662; x_wconf 88' lang='lat' dir='ltr'><strong>vero</strong></span> <span class='ocrx_word' id='word_1_156' title='bbox 826 2586 1062 2660; x_wconf 86' lang='lat' dir='ltr'><strong>aberrarunt.</strong></span> <span class='ocrx_word' id='word_1_157' title='bbox 1096 2584 1142 2659; x_wconf 86' lang='lat' dir='ltr'><strong>Id</strong></span> <span class='ocrx_word' id='word_1_158' title='bbox 1164 2583 1269 2685; x_wconf 89' lang='lat' dir='ltr'><strong>quod</strong></span> <span class='ocrx_word' id='word_1_159' title='bbox 1286 2584 1327 2657; x_wconf 91' lang='lat' dir='ltr'><strong>in</strong></span> <span class='ocrx_word' id='word_1_160' title='bbox 1348 2581 1640 2672; x_wconf 88' lang='lat' dir='ltr'><strong>commentariis,</strong></span> <span class='ocrx_word' id='word_1_161' title='bbox 1665 2584 1707 2657; x_wconf 94' lang='lat' dir='ltr'><strong>in</strong></span> <span class='ocrx_word' id='word_1_162' title='bbox 1718 2584 1783 2658; x_wconf 90' lang='lat' dir='ltr'><strong>Li-</strong></span> 
     </span>
     <span class='ocr_line' id='line_1_21' title="bbox 377 2698 1781 2805; baseline 0.003 -34"><span class='ocrx_word' id='word_1_163' title='bbox 377 2698 482 2773; x_wconf 90' lang='lat' dir='ltr'><strong>vium</strong></span> <span class='ocrx_word' id='word_1_164' title='bbox 508 2716 546 2775; x_wconf 92' lang='lat' dir='ltr'><strong>et</strong></span> <span class='ocrx_word' id='word_1_165' title='bbox 564 2703 740 2777; x_wconf 88' lang='lat' dir='ltr'><strong>Tacitum</strong></span> <span class='ocrx_word' id='word_1_166' title='bbox 769 2702 937 2805; x_wconf 88' lang='lat' dir='ltr'><strong>scriptis,</strong></span> <span class='ocrx_word' id='word_1_167' title='bbox 964 2700 1098 2803; x_wconf 72' lang='lat' dir='ltr'><strong>saepius</strong></span> <span class='ocrx_word' id='word_1_168' title='bbox 1128 2699 1412 2774; x_wconf 86' lang='lat' dir='ltr'><strong>animadvertas.</strong></span> <span class='ocrx_word' id='word_1_169' title='bbox 1450 2700 1547 2773; x_wconf 87' lang='lat' dir='ltr'><strong>Nam</strong></span> <span class='ocrx_word' id='word_1_170' title='bbox 1567 2699 1781 2775; x_wconf 86' lang='lat' dir='ltr'><strong>&#39;Salustium</strong></span> 
     </span>
     <span class='ocr_line' id='line_1_22' title="bbox 377 2814 1783 2922; baseline 0.002 -34"><span class='ocrx_word' id='word_1_171' title='bbox 377 2816 534 2918; x_wconf 88' lang='lat' dir='ltr'><strong>quidem</strong></span> <span class='ocrx_word' id='word_1_172' title='bbox 551 2819 685 2922; x_wconf 87' lang='lat' dir='ltr'><strong>saepius</strong></span> <span class='ocrx_word' id='word_1_173' title='bbox 702 2818 901 2893; x_wconf 87' lang='lat' dir='ltr'><strong>manifesta</strong></span> <span class='ocrx_word' id='word_1_174' title='bbox 921 2816 1101 2892; x_wconf 91' lang='lat' dir='ltr'><strong>sermonis</strong></span> <span class='ocrx_word' id='word_1_175' title='bbox 1117 2816 1327 2919; x_wconf 82' lang='lat' dir='ltr'><strong>proprietas</strong></span> <span class='ocrx_word' id='word_1_176' title='bbox 1348 2815 1397 2889; x_wconf 90' lang='lat' dir='ltr'><strong>ab</strong></span> <span class='ocrx_word' id='word_1_177' title='bbox 1416 2814 1486 2889; x_wconf 87' lang='lat' dir='ltr'><strong>isto</strong></span> <span class='ocrx_word' id='word_1_178' title='bbox 1500 2814 1783 2917; x_wconf 84' lang='lat' dir='ltr'><strong>depravationis</strong></span> 
     </span>
     <span class='ocr_line' id='line_1_23' title="bbox 380 2931 1781 3037; baseline -0.001 -30"><span class='ocrx_word' id='word_1_179' title='bbox 380 2958 514 3037; x_wconf 80' lang='lat' dir='ltr'><strong>genere</strong></span> <span class='ocrx_word' id='word_1_180' title='bbox 533 2933 710 3009; x_wconf 84' lang='lat' dir='ltr'><strong>defendit.</strong></span> <span class='ocrx_word' id='word_1_181' title='bbox 737 2939 782 3010; x_wconf 90' lang='lat' dir='ltr'><strong>In</strong></span> <span class='ocrx_word' id='word_1_182' title='bbox 806 2934 850 3007; x_wconf 90' lang='lat' dir='ltr'><strong>iis</strong></span> <span class='ocrx_word' id='word_1_183' title='bbox 871 2933 1006 3037; x_wconf 80' lang='lat' dir='ltr'><strong>igitur,</strong></span> <span class='ocrx_word' id='word_1_184' title='bbox 1030 2958 1118 3035; x_wconf 82' lang='lat' dir='ltr'><strong>quae</strong></span> <span class='ocrx_word' id='word_1_185' title='bbox 1137 2932 1186 3006; x_wconf 93' lang='lat' dir='ltr'><strong>ad</strong></span> <span class='ocrx_word' id='word_1_186' title='bbox 1202 2931 1502 3006; x_wconf 89' lang='lat' dir='ltr'><strong>Grammaticam</strong></span> <span class='ocrx_word' id='word_1_187' title='bbox 1523 2946 1714 3033; x_wconf 78' lang='lat' dir='ltr'><strong>spectent,</strong></span> <span class='ocrx_word' id='word_1_188' title='bbox 1733 2958 1781 3007; x_wconf 84' lang='lat' dir='ltr'><strong>ea</strong></span> 
     </span>
     <span class='ocr_line' id='line_1_24' title="bbox 379 3046 1782 3155; baseline -0.002 -31"><span class='ocrx_word' id='word_1_189' title='bbox 379 3075 459 3153; x_wconf 78' lang='lat' dir='ltr'><strong>pree</strong></span> <span class='ocrx_word' id='word_1_190' title='bbox 480 3052 608 3126; x_wconf 89' lang='lat' dir='ltr'><strong>ceteris</strong></span> <span class='ocrx_word' id='word_1_191' title='bbox 630 3050 824 3141; x_wconf 90' lang='lat' dir='ltr'><strong>notanda,</strong></span> <span class='ocrx_word' id='word_1_192' title='bbox 851 3076 936 3153; x_wconf 87' lang='lat' dir='ltr'><strong>quae</strong></span> <span class='ocrx_word' id='word_1_193' title='bbox 956 3049 1152 3155; x_wconf 87' lang='lat' dir='ltr'><strong>propriam</strong></span> <span class='ocrx_word' id='word_1_194' title='bbox 1183 3049 1413 3153; x_wconf 89' lang='lat' dir='ltr'><strong>scriptorum</strong></span> <span class='ocrx_word' id='word_1_195' title='bbox 1436 3048 1647 3121; x_wconf 90' lang='lat' dir='ltr'><strong>orationem</strong></span> <span class='ocrx_word' id='word_1_196' title='bbox 1672 3046 1782 3121; x_wconf 90' lang='lat' dir='ltr'><strong>illus-</strong></span> 
     </span>
     <span class='ocr_line' id='line_1_25' title="bbox 381 3160 1782 3270; baseline -0.001 -32"><span class='ocrx_word' id='word_1_197' title='bbox 381 3182 492 3243; x_wconf 86' lang='lat' dir='ltr'><strong>trant</strong></span> <span class='ocrx_word' id='word_1_198' title='bbox 519 3167 592 3243; x_wconf 89' lang='lat' dir='ltr'><strong>Sed</strong></span> <span class='ocrx_word' id='word_1_199' title='bbox 614 3168 657 3243; x_wconf 91' lang='lat' dir='ltr'><strong>in</strong></span> <span class='ocrx_word' id='word_1_200' title='bbox 674 3166 734 3242; x_wconf 88' lang='lat' dir='ltr'><strong>his</strong></span> <span class='ocrx_word' id='word_1_201' title='bbox 752 3193 904 3270; x_wconf 90' lang='lat' dir='ltr'><strong>quoque</strong></span> <span class='ocrx_word' id='word_1_202' title='bbox 930 3166 983 3238; x_wconf 92' lang='lat' dir='ltr'><strong>ita</strong></span> <span class='ocrx_word' id='word_1_203' title='bbox 1000 3164 1138 3238; x_wconf 88' lang='lat' dir='ltr'><strong>versari</strong></span> <span class='ocrx_word' id='word_1_204' title='bbox 1160 3164 1357 3251; x_wconf 89' lang='lat' dir='ltr'><strong>debemus,</strong></span> <span class='ocrx_word' id='word_1_205' title='bbox 1377 3178 1423 3237; x_wconf 92' lang='lat' dir='ltr'><strong>ut</strong></span> <span class='ocrx_word' id='word_1_206' title='bbox 1441 3162 1568 3236; x_wconf 86' lang='lat' dir='ltr'><strong>omnia</strong></span> <span class='ocrx_word' id='word_1_207' title='bbox 1585 3160 1635 3235; x_wconf 91' lang='lat' dir='ltr'><strong>ad</strong></span> <span class='ocrx_word' id='word_1_208' title='bbox 1653 3162 1782 3265; x_wconf 84' lang='lat' dir='ltr'><strong>ipsum</strong></span> 
     </span>
     <span class='ocr_line' id='line_1_26' title="bbox 381 3276 1779 3386; baseline -0.002 -32"><span class='ocrx_word' id='word_1_209' title='bbox 381 3284 592 3373; x_wconf 87' lang='lat' dir='ltr'><strong>auctoreni,</strong></span> <span class='ocrx_word' id='word_1_210' title='bbox 616 3312 730 3386; x_wconf 87' lang='lat' dir='ltr'><strong>quem</strong></span> <span class='ocrx_word' id='word_1_211' title='bbox 750 3297 973 3370; x_wconf 86' lang='lat' dir='ltr'><strong>tractamus,</strong></span> <span class='ocrx_word' id='word_1_212' title='bbox 994 3279 1264 3383; x_wconf 83' lang='lat' dir='ltr'><strong>explicandum</strong></span> <span class='ocrx_word' id='word_1_213' title='bbox 1286 3278 1508 3354; x_wconf 88' lang='lat' dir='ltr'><strong>reserantur.</strong></span> <span class='ocrx_word' id='word_1_214' title='bbox 1555 3278 1652 3352; x_wconf 87' lang='lat' dir='ltr'><strong>Nam</strong></span> <span class='ocrx_word' id='word_1_215' title='bbox 1679 3276 1779 3352; x_wconf 86' lang='lat' dir='ltr'><strong>mihi</strong></span> 
     </span>
     <span class='ocr_line' id='line_1_27' title="bbox 382 3394 1780 3502; baseline -0.002 -33"><span class='ocrx_word' id='word_1_216' title='bbox 382 3398 537 3497; x_wconf 90' lang='lat' dir='ltr'><strong>quidem</strong></span> <span class='ocrx_word' id='word_1_217' title='bbox 558 3400 727 3474; x_wconf 90' lang='lat' dir='ltr'><strong>alienum</strong></span> <span class='ocrx_word' id='word_1_218' title='bbox 743 3426 764 3472; x_wconf 87' lang='lat' dir='ltr'><strong>a</strong></span> <span class='ocrx_word' id='word_1_219' title='bbox 780 3399 971 3502; x_wconf 89' lang='lat' dir='ltr'><strong>proposito</strong></span> <span class='ocrx_word' id='word_1_220' title='bbox 985 3424 1058 3472; x_wconf 88' lang='lat' dir='ltr'><strong>esse</strong></span> <span class='ocrx_word' id='word_1_221' title='bbox 1070 3398 1239 3487; x_wconf 85' lang='lat' dir='ltr'><strong>videtur,</strong></span> <span class='ocrx_word' id='word_1_222' title='bbox 1256 3398 1298 3471; x_wconf 92' lang='lat' dir='ltr'><strong>in</strong></span> <span class='ocrx_word' id='word_1_223' title='bbox 1309 3394 1588 3470; x_wconf 88' lang='lat' dir='ltr'><strong>commentariis</strong></span> <span class='ocrx_word' id='word_1_224' title='bbox 1598 3394 1780 3497; x_wconf 79' lang='lat' dir='ltr'><strong>degram-</strong></span> 
     </span>
     <span class='ocr_line' id='line_1_28' title="bbox 383 3512 1779 3615; baseline -0.001 -32"><span class='ocrx_word' id='word_1_225' title='bbox 383 3513 528 3586; x_wconf 88' lang='lat' dir='ltr'><strong>maticis</strong></span> <span class='ocrx_word' id='word_1_226' title='bbox 551 3514 820 3615; x_wconf 79' lang='lat' dir='ltr'><strong>quaestionibus</strong></span> <span class='ocrx_word' id='word_1_227' title='bbox 844 3514 963 3587; x_wconf 84' lang='lat' dir='ltr'><strong>fusius</strong></span> <span class='ocrx_word' id='word_1_228' title='bbox 984 3512 1176 3615; x_wconf 90' lang='lat' dir='ltr'><strong>disputare</strong></span> <span class='ocrx_word' id='word_1_229' title='bbox 1184 3545 1195 3604; x_wconf 81' lang='lat'>3</span> <span class='ocrx_word' id='word_1_230' title='bbox 1219 3538 1304 3614; x_wconf 87' lang='lat' dir='ltr'><strong>quae</strong></span> <span class='ocrx_word' id='word_1_231' title='bbox 1329 3512 1609 3585; x_wconf 89' lang='lat' dir='ltr'><strong>nonnullorum</strong></span> <span class='ocrx_word' id='word_1_232' title='bbox 1636 3526 1691 3583; x_wconf 86' lang='lat' dir='ltr'><strong>est</strong></span> <span class='ocrx_word' id='word_1_233' title='bbox 1716 3536 1779 3582; x_wconf 89' lang='lat' dir='ltr'><strong>ra·</strong></span> 
     </span>
     <span class='ocr_line' id='line_1_29' title="bbox 385 3625 1778 3731; baseline 0 -31"><span class='ocrx_word' id='word_1_234' title='bbox 385 3628 455 3716; x_wconf 90' lang='lat' dir='ltr'><strong>tio,</strong></span> <span class='ocrx_word' id='word_1_235' title='bbox 481 3630 548 3731; x_wconf 94' lang='lat' dir='ltr'><strong>qui</strong></span> <span class='ocrx_word' id='word_1_236' title='bbox 562 3628 661 3704; x_wconf 87' lang='lat' dir='ltr'><strong>hanc</strong></span> <span class='ocrx_word' id='word_1_237' title='bbox 680 3630 729 3704; x_wconf 93' lang='lat' dir='ltr'><strong>ob</strong></span> <span class='ocrx_word' id='word_1_238' title='bbox 741 3657 892 3704; x_wconf 90' lang='lat' dir='ltr'><strong>causam</strong></span> <span class='ocrx_word' id='word_1_239' title='bbox 915 3628 1152 3731; x_wconf 89' lang='lat' dir='ltr'><strong>potissimum</strong></span> <span class='ocrx_word' id='word_1_240' title='bbox 1164 3628 1386 3731; x_wconf 90' lang='lat' dir='ltr'><strong>scriptorem</strong></span> <span class='ocrx_word' id='word_1_241' title='bbox 1398 3625 1565 3727; x_wconf 84' lang='lat' dir='ltr'><strong>aliquem</strong></span> <span class='ocrx_word' id='word_1_242' title='bbox 1582 3626 1778 3700; x_wconf 87' lang='lat' dir='ltr'><strong>illustran-</strong></span> 
     </span>
     <span class='ocr_line' id='line_1_30' title="bbox 385 3741 1778 3843; baseline -0.001 -26"><span class='ocrx_word' id='word_1_243' title='bbox 385 3743 478 3817; x_wconf 91' lang='lat' dir='ltr'><strong>dum</strong></span> <span class='ocrx_word' id='word_1_244' title='bbox 493 3746 564 3819; x_wconf 88' lang='lat' dir='ltr'><strong>sibi</strong></span> <span class='ocrx_word' id='word_1_245' title='bbox 576 3747 744 3820; x_wconf 87' lang='lat' dir='ltr'><strong>sumsisse</strong></span> <span class='ocrx_word' id='word_1_246' title='bbox 762 3745 956 3833; x_wconf 82' lang='lat' dir='ltr'><strong>videntur,</strong></span> <span class='ocrx_word' id='word_1_247' title='bbox 976 3760 1019 3817; x_wconf 93' lang='lat' dir='ltr'><strong>ut</strong></span> <span class='ocrx_word' id='word_1_248' title='bbox 1038 3743 1085 3817; x_wconf 92' lang='lat' dir='ltr'><strong>de</strong></span> <span class='ocrx_word' id='word_1_249' title='bbox 1097 3744 1444 3817; x_wconf 89' lang='lat' dir='ltr'><strong>Grammaticorum</strong></span> <span class='ocrx_word' id='word_1_250' title='bbox 1458 3741 1652 3843; x_wconf 88' lang='lat' dir='ltr'><strong>praeceptis</strong></span> <span class='ocrx_word' id='word_1_251' title='bbox 1665 3741 1778 3815; x_wconf 86' lang='lat' dir='ltr'><strong>disse·</strong></span> 
     </span>
     <span class='ocr_line' id='line_1_31' title="bbox 385 3856 1776 3959; baseline -0.004 -24"><span class='ocrx_word' id='word_1_252' title='bbox 385 3876 482 3935; x_wconf 87' lang='lat' dir='ltr'><strong>rant.</strong></span> <span class='ocrx_word' id='word_1_253' title='bbox 508 3862 697 3937; x_wconf 88' lang='lat' dir='ltr'><strong>Concedas</strong></span> <span class='ocrx_word' id='word_1_254' title='bbox 710 3863 829 3935; x_wconf 89' lang='lat' dir='ltr'><strong>multa</strong></span> <span class='ocrx_word' id='word_1_255' title='bbox 847 3858 1059 3934; x_wconf 88' lang='lat' dir='ltr'><strong>acutissime</strong></span> <span class='ocrx_word' id='word_1_256' title='bbox 1077 3859 1187 3933; x_wconf 87' lang='lat' dir='ltr'><strong>fuisse</strong></span> <span class='ocrx_word' id='word_1_257' title='bbox 1199 3858 1478 3944; x_wconf 81' lang='lat' dir='ltr'><strong>animadversa,</strong></span> <span class='ocrx_word' id='word_1_258' title='bbox 1493 3857 1556 3931; x_wconf 89' lang='lat' dir='ltr'><strong>sed</strong></span> <span class='ocrx_word' id='word_1_259' title='bbox 1571 3856 1687 3959; x_wconf 86' lang='lat' dir='ltr'><strong>hujus</strong></span> <span class='ocrx_word' id='word_1_260' title='bbox 1700 3856 1776 3930; x_wconf 91' lang='lat' dir='ltr'><strong>loci</strong></span> 
     </span>
     <span class='ocr_line' id='line_1_32' title="bbox 386 3971 1777 4081; baseline -0.004 -30"><span class='ocrx_word' id='word_1_261' title='bbox 386 4002 461 4052; x_wconf 91' lang='lat' dir='ltr'><strong>esse</strong></span> <span class='ocrx_word' id='word_1_262' title='bbox 480 3978 639 4081; x_wconf 81' lang='lat' dir='ltr'><strong>negabis.</strong></span> <span class='ocrx_word' id='word_1_263' title='bbox 658 3979 743 4051; x_wconf 91' lang='lat' dir='ltr'><strong>Jam</strong></span> <span class='ocrx_word' id='word_1_264' title='bbox 755 3976 857 4051; x_wconf 91' lang='lat' dir='ltr'><strong>enim</strong></span> <span class='ocrx_word' id='word_1_265' title='bbox 872 4002 914 4049; x_wconf 89' lang='lat' dir='ltr'><strong>ea</strong></span> <span class='ocrx_word' id='word_1_266' title='bbox 929 3974 1167 4076; x_wconf 87' lang='lat' dir='ltr'><strong>antiquitatis</strong></span> <span class='ocrx_word' id='word_1_267' title='bbox 1178 3975 1393 4049; x_wconf 90' lang='lat' dir='ltr'><strong>studiorum</strong></span> <span class='ocrx_word' id='word_1_268' title='bbox 1408 3972 1558 4047; x_wconf 75' lang='lat' dir='ltr'><strong>ridetur</strong></span> <span class='ocrx_word' id='word_1_269' title='bbox 1573 3998 1647 4046; x_wconf 77' lang='lat' dir='ltr'><strong>esse</strong></span> <span class='ocrx_word' id='word_1_270' title='bbox 1659 3971 1777 4061; x_wconf 90' lang='lat' dir='ltr'><strong>ratio,</strong></span> 
     </span>
     <span class='ocr_line' id='line_1_33' title="bbox 388 4088 1778 4198; baseline -0.001 -31"><span class='ocrx_word' id='word_1_271' title='bbox 388 4110 443 4179; x_wconf 90' lang='lat' dir='ltr'><strong>ut,</strong></span> <span class='ocrx_word' id='word_1_272' title='bbox 455 4092 528 4167; x_wconf 92' lang='lat' dir='ltr'><strong>nisi</strong></span> <span class='ocrx_word' id='word_1_273' title='bbox 542 4094 680 4182; x_wconf 91' lang='lat' dir='ltr'><strong>omnia,</strong></span> <span class='ocrx_word' id='word_1_274' title='bbox 694 4118 779 4198; x_wconf 75' lang='lat' dir='ltr'><strong>quse</strong></span> <span class='ocrx_word' id='word_1_275' title='bbox 795 4092 844 4167; x_wconf 91' lang='lat' dir='ltr'><strong>ad</strong></span> <span class='ocrx_word' id='word_1_276' title='bbox 858 4090 1100 4197; x_wconf 82' lang='lat' dir='ltr'><strong>disciplinam</strong></span> <span class='ocrx_word' id='word_1_277' title='bbox 1113 4091 1283 4195; x_wconf 86' lang='lat' dir='ltr'><strong>aliquam</strong></span> <span class='ocrx_word' id='word_1_278' title='bbox 1292 4090 1558 4167; x_wconf 88' lang='lat' dir='ltr'><strong>illustrandam</strong></span> <span class='ocrx_word' id='word_1_279' title='bbox 1568 4088 1778 4195; x_wconf 79' lang='lat' dir='ltr'><strong>pertinent,</strong></span> 
     </span>
    </p>
   </div>
   <div class='ocr_carea' id='block_1_3' title="bbox 0 0 1943 4867">
    <p class='ocr_par' dir='ltr' id='par_1_3' title="bbox 0 0 1943 4867">
     <span class='ocr_line' id='line_1_34' title="bbox 0 0 1943 4867; baseline 0 0"><span class='ocrx_word' id='word_1_280' title='bbox 0 0 1943 4867; x_wconf 95' lang='lat' dir='ltr'><strong> </strong></span> 
     </span>
    </p>
   </div>
  </div>
 </body>
</html>
