3850 4867
387 269 441 350 70

385 425 510 518 ditus,
535 425 579 504 in
599 424 690 533 luga
710 441 940 532 sequeretur.
978 426 1051 508 Sed
1075 427 1260 519 Catilina,
1289 441 1491 534 postquam
1516 422 1618 500 videt
1648 416 1792 498 monti·

387 553 460 630 bus
476 568 593 656 atque
612 549 730 656 copiis
750 549 919 630 hostium
937 577 1014 630 sese
1039 552 1233 646 clausum,
1258 552 1307 630 in'
1323 553 1420 630 urbe
1438 576 1495 628 res
1515 546 1716 638 advorsae,
1731 568 1792 619 ne
1889 620 1890 625 r

387 702 465 782 que
487 675 602 784 lugae,
636 701 760 778 neque
783 676 948 780 praesidii
969 676 1093 781 ullam
1113 702 1237 782 spem3
1270 693 1474 782 optumum
1494 673 1643 750 factum
1663 685 1792 754 ratris,
1889 656 1890 663 ἵ

252 887 256 894 ,
387 799 432 876 in
459 800 527 876 tali
555 825 597 876 re
618 797 816 876 fortunam
838 800 931 876 belli
965 816 1171 905 temptare,
1203 801 1339 877 statuit
1368 828 1458 876 cum
1481 796 1654 874 Antonio
1677 819 1794 899 quam

390 922 561 1028 primum
574 923 784 1028 confligere.
827 925 980 1028 Itaque,
1000 925 1185 1001 concione
1201 925 1399 1015 advocata,
1423 919 1694 1000 huiuscemodi
1715 945 1796 994 ora·

391 1045 536 1122 tionem
552 1044 702 1120 habuit.

345 1172 382 1234 58
494 1171 770 1274 „Compertum
789 1193 857 1274 ego
884 1167 1031 1260 habeo,
1056 1169 1215 1260 milites,
1239 1171 1354 1248 rerba
1377 1170 1559 1247 virtutem
1576 1194 1662 1244 non
1685 1163 1799 1242 adde·

255 1325 265 1342 ·
395 1319 456 1386 rc3
478 1318 605 1396 neque
625 1319 671 1368 ex
699 1292 834 1398 ignavo
856 1309 1077 1384 strenuum,
1107 1319 1232 1397 nsque
1264 1294 1402 1370 fortem
1422 1319 1469 1369 ex
1490 1291 1627 1368 timido
1656 1288 1799 1368 exerci-

396 1433 483 1492 tum
504 1416 676 1492 orations
698 1416 935 1520 imperatoris
966 1416 1059 1493 fieri
1095 1417 1253 1516 Quanta
1277 1418 1461 1520 cuius'qu'e
1482 1417 1613 1494 animo
1637 1411 1798 1492 audacia

397 1555 556 1630 neuma,
584 1556 653 1616 aut
669 1541 839 1616 moribus
864 1540 980 1630 inest,
1004 1557 1111 1617 tanta
1135 1541 1178 1615 in
1193 1540 1295 1617 bello
1308 1557 1438 1645 patere
1458 1540 1570 1634 solet3
1594 1567 1717 1644 quem
1737 1561 1799 1612 nc-

392 1689 469 1768 que
491 1664 629 1770 gloria,
653 1689 778 1768 neque
798 1663 968 1768 pericula
993 1664 1180 1754 excitant,
1204 1664 1463 1768 nequicquam
1479 1662 1657 1740 hortem:
1686 1663 1798 1760 timor

392 1787 513 1865 animi
536 1787 694 1864 auribus
718 1785 858 1864 obficit
912 1785 986 1863 Sed
1005 1813 1073 1893 ego
1089 1812 1171 1876 vos,
1195 1813 1273 1890 quo
1290 1813 1415 1891 pauco
1440 1815 1654 1878 monerem,
1689 1785 1799 1862 adra

308 1991 313 1996 ,
392 1913 495 2006 cavi3
518 1911 634 1988 simul
666 1910 725 1988 uti
752 1935 921 1986 caussam
946 1909 1024 1985 mei
1053 1909 1202 1994 consilii
1236 1910 1431 2013 aperirem
1464 1913 1574 1988 Scitis
1598 1911 1800 2016 equidem,

391 2035 552 2126 milites,
577 2034 749 2112 socordia
771 2050 887 2138 atque
905 2033 1057 2139 ignavia
1073 2033 1227 2108 lentuli
1249 2049 1437 2136 quantam
1455 2034 1527 2140 ipsi
1552 2035 1707 2112 cladem
1734 2058 1798 2108 nc

391 2159 527 2262 bisque
545 2157 737 2252 attulerit3
761 2182 917 2261 quoque
942 2156 1077 2246 modo,
1103 2156 1199 2231 dum
1221 2183 1268 2234 ex
1289 2157 1385 2233 urbe
1406 2158 1580 2263 praesidia
1597 2158 1798 2264 opperior,

393 2281 631 2358 in.Galliam
650 2280 838 2386 proficisci
862 2280 1107 2384 nequiverim.
1145 2282 1258 2356 Nunc
1272 2306 1360 2357 vero
1376 2309 1454 2384 quo
1468 2281 1511 2356 in
1536 2282 1621 2358 loco
1638 2309 1700 2360 res
1718 2303 1797 2358 nos·

394 2421 462 2481 trae
478 2408 573 2493 sint,
599 2405 705 2479 iuxta
726 2430 879 2482 mecum
898 2429 1029 2481 omnes
1049 2401 1274 2509 intellegitis
1297 2405 1494 2482 Exercitus
1512 2405 1684 2483 hostium
1709 2405 1795 2488 duo,
1888 2408 1889 2473 ἴ

395 2653 437 2692 m.
447 2652 494 2715 pr.
508 2641 537 2693 et
548 2653 603 2714 pro
618 2633 696 2696 varia
710 2633 836 2693 lectione
855 2629 941 2692 Febr.
953 2651 981 2692 a.
1000 2628 1122 2712 instiga
1140 2631 1222 2692 Leid.
1236 2633 1258 2697 l.
1273 2633 1301 2692 t.
1312 2636 1333 2693 l.
1345 2655 1386 2692 m.
1406 2631 1469 2699 llas.
1487 2634 1550 2706 ml.
1570 2635 1656 2697 Rem.
1669 2656 1697 2704 a.
1717 2631 1796 2694 Fabr.

396 2747 491 2816 uterq.
516 2737 585 2798 vin.
598 2757 626 2798 ι.
658 2735 762 2798 smne.
782 2736 849 2798 Ecc.
870 2735 971 2797 Heuss.
992 2736 1090 2798 Gucll.
1109 2758 1135 2796 ι.
1149 2737 1176 2802 5.
1191 2758 1238 2798 ιο.
1254 2759 1299 2797 ιι.
1320 2738 1437 2798 Grutcri
1455 2741 1603 2813 meliores,
1624 2740 1687 2801 duo
1700 2738 1797 2802 Wassii

397 2839 484 2900 Prisc.
502 2843 522 2900 l.
538 2843 559 2900 1.
599 2839 697 2902 Turic.
716 2860 741 2898 ι.
756 2860 783 2900 ι.
814 2839 849 2900 in
864 2841 980 2920 Μαιη
1000 2842 1099 2902 ceteri.
1129 2851 1222 2922 postq.
1238 2841 1316 2904 vidit
1341 2841 1438 2904 Guell.
1453 2845 1481 2908 5.
1511 2843 1581 2904 Tur.
1601 2865 1628 2910 a.
1655 2845 1720 2907 vid.
1742 2863 1796 2904 om.

397 2943 543 3010 Gommcl.
573 2953 633 3026 opt.
646 2947 770 3023 factuam
788 2943 840 3006 Ac.
861 2942 1039 3026 Gucll.5.9.
1057 2965 1103 3006 ιι.
1672 2957 1678 2964 ·

459 3071 532 3156 Cap.
551 3076 600 3136 58.
631 3082 812 3154 compertum
833 3071 925 3134 habeo
945 3083 1070 3156 quatuor
1086 3071 1179 3136 cortii
1193 3074 1280 3148 libri,
1302 3075 1365 3137 Bas.
1381 3082 1410 3142 5.
1430 3079 1511 3138 Leid.
1531 3081 1560 3138 l.
1575 3095 1620 3145 ιιι.
1640 3080 1720 3142 llirii
1736 3077 1795 3138 tls

397 3179 514 3242 Grutcri
533 3181 602 3240 libri
616 3189 644 3240 et
659 3189 715 3240 tres
725 3178 839 3240 Wassii.
858 3177 947 3238 verba
960 3177 1042 3238 viria.
1063 3177 1137 3238 viria
1151 3179 1295 3242 abiiciunt
1309 3181 1375 3244 lice.
1397 3194 1491 3266 uterq.
1512 3186 1572 3249 inc.
1593 3185 1680 3245 Fahr.
1700 3197 1794 3246 omnes

397 3288 484 3346 Paris.
506 3303 608 3344 omnes
619 3283 701 3343 Leid.
724 3283 838 3364 (prater
853 3282 894 3364 g.)
921 3279 973 3342 dc.
993 3280 1056 3343 Bes.
1072 3303 1097 3342 1.
1109 3281 1175 3353 54.
1196 3284 1263 3350 Seu.
1277 3306 1303 3346 ι.
1326 3286 1430 3348 anc.
1451 3289 1547 3356 Guell.
1564 3311 1591 3350 a.
1602 3289 1670 3351 3.5.
1683 3313 1712 3372 9.
1735 3307 1796 3366 sep·

399 3387 654 3450 temWassiilibri.
666 3387 735 3448 Tur.
754 3407 779 3446 ι.
794 3405 822 3445 ι.
841 3383 1557 3456 sem.1.t.m0tcomttiisas.1.2.tur.r.ssem.
1573 3395 1681 3469 cM.
1702 3407 1795 3457 omnes

397 3491 479 3551 Leid.
501 3491 596 3552 nostri
633 3491 697 3551 llas.
717 3497 744 3555 3.
786 3489 936 3552 cenamcr'
959 3487 1029 3549 Tur.
1042 3509 1069 3552 a.
1110 3500 1222 3570 quanm
1238 3493 1340 3573 mique
1379 3494 1477 3557 Guelf.
1490 3500 1516 3564 5.
1548 3499 1649 3561 Basa.
1691 3523 1731 3561 m.
1746 3515 1794 3555 aec.

300 3639 305 3644 .
398 3593 468 3678 Teg.
489 3593 581 3654 Mark.
596 3609 625 3662 r.
645 3595 703 3658 hoc
718 3597 805 3658 etiam
820 3597 853 3656 in
876 3593 973 3660 Gucll'.
992 3616 1023 3678 9.
1042 3593 1156 3660 Fabric.
1175 3617 1201 3655 ι.
1219 3597 1315 3659 Struv.
1336 3600 1433 3660 Sonat.
1446 3622 1474 3662 a.
1495 3604 1594 3664 Heuss.
1615 3609 1710 3688 legere
1725 3607 1792 3663 tica·

401 3697 586 3779 nequiqrmm.
607 3699 676 3784 Teg.
695 3701 780 3761 Bern.
798 3699 828 3772 4.
848 3701 889 3759 ita
906 3699 1011 3781 passim
1026 3699 1088 3758 alii.
1107 3700 1230 3761 lwrtarc
1250 3700 1347 3762 Gusll.
1366 3725 1392 3762 ι.
1406 3705 1434 3770 6.
1449 3707 1479 3768 8.
1494 3730 1525 3788 9.
1545 3707 1638 3769 dead·
1657 3711 1792 3770 incerta.

401 3803 505 3864 Fraus.
525 3803 626 3875 ΒΜ.
647 3805 765 3865 hortari
782 3804 867 3864 Bem.
881 3822 909 3863 ι.
930 3802 1062 3866 hortaris
1080 3803 1204 3865 Bemt.
1223 3805 1320 3882 obficit
1339 3806 1436 3870 Gucll.
1452 3813 1479 3879 5.
1498 3834 1551 3874 voe
1566 3815 1643 3874 delet
1659 3813 1753 3875 Gucll.
1767 3809 1791 3878 l·

402 3909 490 3969 Palat.
503 3907 532 3980 4.
566 3911 757 3970 admonerem
776 3907 838 3972 Bas.
860 3927 887 3967 a.
907 3903 1012 3969 Franc.
1034 3907 1131 3968 Gucll.
1146 3910 1174 3968 5.
1195 3908 1313 3970 Comm.
1333 3912 1425 3974 Mark.
1440 3929 1469 3982 r.
1490 3928 1632 3996 quantam
1650 3918 1713 3999 ipsi.
1736 3913 1793 3997 ipat

402 4013 488 4078 rau.
504 4034 532 4077 2.
551 4013 607 4072 aar·
625 4013 728 4079 riano.
749 4013 811 4072 sas.
828 4018 857 4076 ι.
876 4011 959 4072 usia.
977 4011 1007 4070 ι.
1023 4013 1043 4072 ι.
1062 4011 1154 4073 sata
1171 4013 1253 4074 noas
1272 4017 1332 4080 ine.
1350 4037 1377 4078 ι.
1405 4019 1461 4100 as
1472 4023 1608 4101 notum
1633 4023 1712 4085 aaa.
1732 4021 1790 4100 ug.

402 4119 488 4182 Bam.
510 4138 577 4182 1.a.
596 4119 625 4180 5.
641 4119 680 4200 lq
699 4121 740 4179 ita
757 4119 879 4182 Havcrc.
905 4115 999 4178 edidit
1020 4137 1075 4179 nec
1091 4127 1194 4178 contra
1216 4139 1345 4202 pugnare
1368 4124 1504 4188 ridentur
1525 4127 1607 4188 Leid.
1636 4125 1791 4210 quemodo
1887 4122 1888 4145 ¹
