<?xml version="1.0" encoding="UTF-8"?>
<!DOCTYPE html PUBLIC "-//W3C//DTD XHTML 1.0 Transitional//EN"
    "http://www.w3.org/TR/xhtml1/DTD/xhtml1-transitional.dtd">
<html xmlns="http://www.w3.org/1999/xhtml" xml:lang="en" lang="en">
 <head>
  <title>
</title>
<meta http-equiv="Content-Type" content="text/html;charset=utf-8" />
  <meta name='ocr-system' content='tesseract 3.04.00' />
  <meta name='ocr-capabilities' content='ocr_page ocr_carea ocr_par ocr_line ocrx_word'/>
</head>
<body>
  <div class='ocr_page' id='page_1' title='image "./salustiiquaeexs01sallgoog_0125.png"; bbox 0 0 3850 4867; ppageno 0'>
   <div class='ocr_carea' id='block_1_1' title="bbox 1440 347 1676 442">
    <p class='ocr_par' dir='ltr' id='par_1_1' title="bbox 1440 347 1676 442">
     <span class='ocr_line' id='line_1_1' title="bbox 1440 347 1676 442; baseline 0 -34"><span class='ocrx_word' id='word_1_1' title='bbox 1440 347 1676 442; x_wconf 31' lang='lat'><strong>‚29-</strong></span> 
     </span>
    </p>
   </div>
   <div class='ocr_carea' id='block_1_2' title="bbox 96 499 1641 2463">
    <p class='ocr_par' dir='ltr' id='par_1_2' title="bbox 96 499 1641 2463">
     <span class='ocr_line' id='line_1_2' title="bbox 151 499 1555 609; baseline 0.003 -35"><span class='ocrx_word' id='word_1_2' title='bbox 151 499 283 576; x_wconf 86' lang='lat' dir='ltr'><strong>omnia</strong></span> <span class='ocrx_word' id='word_1_3' title='bbox 308 526 426 603; x_wconf 83' lang='lat' dir='ltr'><strong>quam</strong></span> <span class='ocrx_word' id='word_1_4' title='bbox 453 500 567 578; x_wconf 83' lang='lat' dir='ltr'><strong>decus</strong></span> <span class='ocrx_word' id='word_1_5' title='bbox 589 517 704 606; x_wconf 86' lang='lat' dir='ltr'><strong>atque</strong></span> <span class='ocrx_word' id='word_1_6' title='bbox 727 503 914 607; x_wconf 80' lang='lat' dir='ltr'><strong>pudicitia</strong></span> <span class='ocrx_word' id='word_1_7' title='bbox 937 503 1037 579; x_wconf 82' lang='lat' dir='ltr'><strong>fuit:</strong></span> <span class='ocrx_word' id='word_1_8' title='bbox 1069 505 1241 609; x_wconf 86' lang='lat' dir='ltr'><strong>pecuniae</strong></span> <span class='ocrx_word' id='word_1_9' title='bbox 1266 533 1316 580; x_wconf 86' lang='lat' dir='ltr'><strong>an</strong></span> <span class='ocrx_word' id='word_1_10' title='bbox 1342 505 1457 589; x_wconf 76' lang='lat' dir='ltr'><strong>damae</strong></span> <span class='ocrx_word' id='word_1_11' title='bbox 1481 503 1555 578; x_wconf 81' lang='lat' dir='ltr'><strong>ini-</strong></span> 
     </span>
     <span class='ocr_line' id='line_1_3' title="bbox 151 623 1555 727; baseline 0.001 -27"><span class='ocrx_word' id='word_1_12' title='bbox 151 649 227 700; x_wconf 77' lang='lat' dir='ltr'><strong>nos</strong></span> <span class='ocrx_word' id='word_1_13' title='bbox 250 641 447 727; x_wconf 84' lang='lat' dir='ltr'>parceret,</span> <span class='ocrx_word' id='word_1_14' title='bbox 486 623 595 701; x_wconf 88' lang='lat' dir='ltr'><strong>haud</strong></span> <span class='ocrx_word' id='word_1_15' title='bbox 631 625 742 702; x_wconf 85' lang='lat' dir='ltr'><strong>facile</strong></span> <span class='ocrx_word' id='word_1_16' title='bbox 773 627 1031 704; x_wconf 68' lang='lat' dir='ltr'><strong>discernere:</strong></span> <span class='ocrx_word' id='word_1_17' title='bbox 1067 628 1200 705; x_wconf 90' lang='lat' dir='ltr'><strong>lubido</strong></span> <span class='ocrx_word' id='word_1_18' title='bbox 1229 631 1283 704; x_wconf 93' lang='lat' dir='ltr'><strong>sic</strong></span> <span class='ocrx_word' id='word_1_19' title='bbox 1310 655 1484 719; x_wconf 85' lang='lat' dir='ltr'><strong>accensa,</strong></span> <span class='ocrx_word' id='word_1_20' title='bbox 1508 643 1555 702; x_wconf 87' lang='lat' dir='ltr'><strong>ut</strong></span> 
     </span>
     <span class='ocr_line' id='line_1_4' title="bbox 151 746 1560 856; baseline 0.002 -34"><span class='ocrx_word' id='word_1_21' title='bbox 151 746 290 852; x_wconf 80' lang='lat' dir='ltr'><strong>aaepius</strong></span> <span class='ocrx_word' id='word_1_22' title='bbox 324 764 467 852; x_wconf 80' lang='lat' dir='ltr'><strong>peteret</strong></span> <span class='ocrx_word' id='word_1_23' title='bbox 492 749 591 824; x_wconf 84' lang='lat' dir='ltr'><strong>viros</strong></span> <span class='ocrx_word' id='word_1_24' title='bbox 625 777 744 852; x_wconf 86' lang='lat' dir='ltr'><strong>quam</strong></span> <span class='ocrx_word' id='word_1_25' title='bbox 772 767 972 856; x_wconf 88' lang='lat' dir='ltr'><strong>peteretur.</strong></span> <span class='ocrx_word' id='word_1_26' title='bbox 1023 752 1096 826; x_wconf 85' lang='lat' dir='ltr'><strong>Sed</strong></span> <span class='ocrx_word' id='word_1_27' title='bbox 1128 781 1171 826; x_wconf 88' lang='lat' dir='ltr'><strong>ea</strong></span> <span class='ocrx_word' id='word_1_28' title='bbox 1196 779 1292 855; x_wconf 71' lang='lat' dir='ltr'><strong>caepe</strong></span> <span class='ocrx_word' id='word_1_29' title='bbox 1316 751 1479 827; x_wconf 84' lang='lat' dir='ltr'><strong>antehac</strong></span> <span class='ocrx_word' id='word_1_30' title='bbox 1512 750 1560 825; x_wconf 48' lang='lat' dir='ltr'><strong>fic</strong></span> 
     </span>
     <span class='ocr_line' id='line_1_5' title="bbox 153 871 1558 976; baseline 0.001 -29"><span class='ocrx_word' id='word_1_31' title='bbox 153 871 246 948; x_wconf 88' lang='lat' dir='ltr'><strong>dem</strong></span> <span class='ocrx_word' id='word_1_32' title='bbox 267 872 506 976; x_wconf 84' lang='lat' dir='ltr'><strong>prodiderat,</strong></span> <span class='ocrx_word' id='word_1_33' title='bbox 531 872 720 974; x_wconf 88' lang='lat' dir='ltr'><strong>creditum</strong></span> <span class='ocrx_word' id='word_1_34' title='bbox 738 874 995 963; x_wconf 87' lang='lat' dir='ltr'><strong>abiuraverat‚</strong></span> <span class='ocrx_word' id='word_1_35' title='bbox 1022 877 1133 950; x_wconf 82' lang='lat' dir='ltr'><strong>caedis</strong></span> <span class='ocrx_word' id='word_1_36' title='bbox 1163 877 1312 950; x_wconf 89' lang='lat' dir='ltr'><strong>conscia</strong></span> <span class='ocrx_word' id='word_1_37' title='bbox 1337 877 1475 966; x_wconf 83' lang='lat' dir='ltr'><strong>luerat,</strong></span> <span class='ocrx_word' id='word_1_38' title='bbox 1497 873 1558 961; x_wconf 86' lang='lat' dir='ltr'><strong>lu·-</strong></span> 
     </span>
     <span class='ocr_line' id='line_1_6' title="bbox 155 995 1580 1103; baseline 0.001 -31"><span class='ocrx_word' id='word_1_39' title='bbox 155 995 268 1072; x_wconf 85' lang='lat' dir='ltr'><strong>xuria</strong></span> <span class='ocrx_word' id='word_1_40' title='bbox 292 1012 406 1099; x_wconf 86' lang='lat' dir='ltr'><strong>atque</strong></span> <span class='ocrx_word' id='word_1_41' title='bbox 427 995 556 1100; x_wconf 87' lang='lat' dir='ltr'><strong>inopia</strong></span> <span class='ocrx_word' id='word_1_42' title='bbox 576 1023 740 1100; x_wconf 84' lang='lat' dir='ltr'><strong>praeceps</strong></span> <span class='ocrx_word' id='word_1_43' title='bbox 767 998 920 1072; x_wconf 88' lang='lat' dir='ltr'><strong>abierat.</strong></span> <span class='ocrx_word' id='word_1_44' title='bbox 963 1001 1109 1075; x_wconf 89' lang='lat' dir='ltr'><strong>Verum</strong></span> <span class='ocrx_word' id='word_1_45' title='bbox 1129 1002 1327 1103; x_wconf 80' lang='lat' dir='ltr'><strong>ingenium</strong></span> <span class='ocrx_word' id='word_1_46' title='bbox 1345 1001 1426 1075; x_wconf 85' lang='lat' dir='ltr'><strong>eius&#39;</strong></span> <span class='ocrx_word' id='word_1_47' title='bbox 1451 997 1580 1074; x_wconf 81' lang='lat' dir='ltr'><strong>haud·</strong></span> 
     </span>
     <span class='ocr_line' id='line_1_7' title="bbox 156 1119 1584 1222; baseline 0.001 -28"><span class='ocrx_word' id='word_1_48' title='bbox 156 1119 387 1215; x_wconf 66' lang='lat' dir='ltr'><strong>absurdum</strong></span> <span class='ocrx_word' id='word_1_49' title='bbox 422 1146 527 1222; x_wconf 84' lang='lat' dir='ltr'><strong>posse</strong></span> <span class='ocrx_word' id='word_1_50' title='bbox 547 1143 685 1195; x_wconf 87' lang='lat' dir='ltr'><strong>versus·</strong></span> <span class='ocrx_word' id='word_1_51' title='bbox 698 1121 839 1213; x_wconf 82' lang='lat' dir='ltr'><strong>lacere,</strong></span> <span class='ocrx_word' id='word_1_52' title='bbox 874 1123 1003 1196; x_wconf 92' lang='lat' dir='ltr'><strong>iocum</strong></span> <span class='ocrx_word' id='word_1_53' title='bbox 1028 1149 1197 1212; x_wconf 89' lang='lat' dir='ltr'><strong>movere,</strong></span> <span class='ocrx_word' id='word_1_54' title='bbox 1221 1150 1395 1198; x_wconf 83' lang='lat' dir='ltr'><strong>sermone</strong></span> <span class='ocrx_word' id='word_1_55' title='bbox 1422 1122 1486 1197; x_wconf 56' lang='lat' dir='ltr'><strong>uti&gt;</strong></span> <span class='ocrx_word' id='word_1_56' title='bbox 1500 1121 1584 1198; x_wconf 53' lang='lat' dir='ltr'><strong>vel&gt;</strong></span> 
     </span>
     <span class='ocr_line' id='line_1_8' title="bbox 158 1242 1561 1350; baseline 0.001 -32"><span class='ocrx_word' id='word_1_57' title='bbox 158 1242 345 1334; x_wconf 88' lang='lat' dir='ltr'><strong>modesto,</strong></span> <span class='ocrx_word' id='word_1_58' title='bbox 366 1243 427 1334; x_wconf 86' lang='lat' dir='ltr'><strong>vel</strong></span> <span class='ocrx_word' id='word_1_59' title='bbox 452 1243 576 1335; x_wconf 91' lang='lat' dir='ltr'><strong>molli,</strong></span> <span class='ocrx_word' id='word_1_60' title='bbox 606 1245 666 1319; x_wconf 87' lang='lat' dir='ltr'><strong>vel</strong></span> <span class='ocrx_word' id='word_1_61' title='bbox 688 1246 859 1347; x_wconf 90' lang='lat' dir='ltr'><strong>procaci;</strong></span> <span class='ocrx_word' id='word_1_62' title='bbox 893 1271 1047 1350; x_wconf 82' lang='lat' dir='ltr'><strong>prorsus</strong></span> <span class='ocrx_word' id='word_1_63' title='bbox 1079 1246 1211 1320; x_wconf 88' lang='lat' dir='ltr'><strong>multae</strong></span> <span class='ocrx_word' id='word_1_64' title='bbox 1235 1246 1379 1321; x_wconf 88' lang='lat' dir='ltr'><strong>facetiae</strong></span> <span class='ocrx_word' id='word_1_65' title='bbox 1400 1246 1561 1320; x_wconf 79' lang='lat' dir='ltr'><strong>multus·</strong></span> 
     </span>
     <span class='ocr_line' id='line_1_9' title="bbox 158 1367 1612 1471; baseline 0.002 -30"><span class='ocrx_word' id='word_1_66' title='bbox 158 1395 236 1470; x_wconf 84' lang='lat' dir='ltr'><strong>que</strong></span> <span class='ocrx_word' id='word_1_67' title='bbox 252 1369 354 1470; x_wconf 86' lang='lat' dir='ltr'><strong>lepos</strong></span> <span class='ocrx_word' id='word_1_68' title='bbox 374 1367 505 1442; x_wconf 87' lang='lat' dir='ltr'><strong>inerat.</strong></span> <span class='ocrx_word' id='word_1_69' title='bbox 556 1367 624 1440; x_wconf 91' lang='lat' dir='ltr'><strong>His</strong></span> <span class='ocrx_word' id='word_1_70' title='bbox 642 1368 753 1444; x_wconf 88' lang='lat' dir='ltr'><strong>rebus</strong></span> <span class='ocrx_word' id='word_1_71' title='bbox 772 1371 1020 1471; x_wconf 88' lang='lat' dir='ltr'><strong>comparatis,</strong></span> <span class='ocrx_word' id='word_1_72' title='bbox 1043 1371 1208 1445; x_wconf 76' lang='lat' dir='ltr'><strong>Catilina</strong></span> <span class='ocrx_word' id='word_1_73' title='bbox 1231 1369 1355 1444; x_wconf 89' lang='lat' dir='ltr'><strong>nihilo</strong></span> <span class='ocrx_word' id='word_1_74' title='bbox 1375 1370 1503 1444; x_wconf 79' lang='lat' dir='ltr'><strong>minus</strong></span> <span class='ocrx_word' id='word_1_75' title='bbox 1518 1370 1561 1444; x_wconf 88' lang='lat' dir='ltr'><strong>in</strong></span> <span class='ocrx_word' id='word_1_76' title='bbox 1575 1371 1612 1430; x_wconf 78' lang='lat'><strong>26</strong></span> 
     </span>
     <span class='ocr_line' id='line_1_10' title="bbox 157 1491 1564 1598; baseline 0.002 -32"><span class='ocrx_word' id='word_1_77' title='bbox 157 1518 393 1596; x_wconf 82' lang='lat' dir='ltr'><strong>proxumum</strong></span> <span class='ocrx_word' id='word_1_78' title='bbox 427 1518 575 1566; x_wconf 86' lang='lat' dir='ltr'><strong>annum</strong></span> <span class='ocrx_word' id='word_1_79' title='bbox 610 1491 852 1567; x_wconf 87' lang='lat' dir='ltr'><strong>consulatum</strong></span> <span class='ocrx_word' id='word_1_80' title='bbox 882 1493 1054 1596; x_wconf 85' lang='lat' dir='ltr'><strong>petebat,</strong></span> <span class='ocrx_word' id='word_1_81' title='bbox 1086 1519 1258 1597; x_wconf 87' lang='lat' dir='ltr'><strong>sperans,</strong></span> <span class='ocrx_word' id='word_1_82' title='bbox 1288 1495 1319 1567; x_wconf 88' lang='lat' dir='ltr'><strong>si</strong></span> <span class='ocrx_word' id='word_1_83' title='bbox 1350 1494 1564 1598; x_wconf 79' lang='lat' dir='ltr'><strong>designatus</strong></span> 
     </span>
     <span class='ocr_line' id='line_1_11' title="bbox 96 1614 1641 1723; baseline -0.001 -30"><span class='ocrx_word' id='word_1_84' title='bbox 96 1687 109 1693; x_wconf 83' lang='lat'><strong>-</strong></span> <span class='ocrx_word' id='word_1_85' title='bbox 160 1615 279 1707; x_wconf 85' lang='lat' dir='ltr'><strong>soret,</strong></span> <span class='ocrx_word' id='word_1_86' title='bbox 304 1614 414 1692; x_wconf 84' lang='lat' dir='ltr'><strong>facile</strong></span> <span class='ocrx_word' id='word_1_87' title='bbox 431 1641 469 1690; x_wconf 90' lang='lat' dir='ltr'><strong>se</strong></span> <span class='ocrx_word' id='word_1_88' title='bbox 485 1640 531 1690; x_wconf 85' lang='lat' dir='ltr'><strong>ex</strong></span> <span class='ocrx_word' id='word_1_89' title='bbox 553 1615 750 1690; x_wconf 82' lang='lat' dir='ltr'><strong>voluntate</strong></span> <span class='ocrx_word' id='word_1_90' title='bbox 764 1617 933 1691; x_wconf 84' lang='lat' dir='ltr'><strong>Antonio</strong></span> <span class='ocrx_word' id='word_1_91' title='bbox 946 1643 1117 1693; x_wconf 89' lang='lat' dir='ltr'><strong>usurum</strong></span> <span class='ocrx_word' id='word_1_92' title='bbox 1142 1619 1274 1719; x_wconf 84' lang='lat' dir='ltr'><strong>Neque</strong></span> <span class='ocrx_word' id='word_1_93' title='bbox 1295 1617 1439 1723; x_wconf 79' lang='lat' dir='ltr'><strong>interea</strong></span> <span class='ocrx_word' id='word_1_94' title='bbox 1458 1617 1566 1720; x_wconf 77' lang='lat' dir='ltr'><strong>quie·</strong></span> <span class='ocrx_word' id='word_1_95' title='bbox 1636 1625 1641 1634; x_wconf 86' lang='lat'><em>&#39;</em></span> 
     </span>
     <span class='ocr_line' id='line_1_12' title="bbox 164 1738 1566 1843; baseline 0.001 -31"><span class='ocrx_word' id='word_1_96' title='bbox 164 1756 225 1814; x_wconf 84' lang='lat' dir='ltr'><strong>tus</strong></span> <span class='ocrx_word' id='word_1_97' title='bbox 248 1755 348 1830; x_wconf 87' lang='lat' dir='ltr'><strong>erat,</strong></span> <span class='ocrx_word' id='word_1_98' title='bbox 369 1738 434 1814; x_wconf 86' lang='lat' dir='ltr'><strong>sed</strong></span> <span class='ocrx_word' id='word_1_99' title='bbox 451 1740 627 1814; x_wconf 84' lang='lat' dir='ltr'><strong>omnibus</strong></span> <span class='ocrx_word' id='word_1_100' title='bbox 651 1740 772 1814; x_wconf 91' lang='lat' dir='ltr'><strong>modis</strong></span> <span class='ocrx_word' id='word_1_101' title='bbox 793 1739 947 1838; x_wconf 85' lang='lat' dir='ltr'><strong>insidias</strong></span> <span class='ocrx_word' id='word_1_102' title='bbox 964 1740 1125 1841; x_wconf 85' lang='lat' dir='ltr'><strong>parabat</strong></span> <span class='ocrx_word' id='word_1_103' title='bbox 1140 1740 1321 1815; x_wconf 77' lang='lat' dir='ltr'><strong>Ciceroni.</strong></span> <span class='ocrx_word' id='word_1_104' title='bbox 1354 1743 1487 1843; x_wconf 87' lang='lat' dir='ltr'><strong>Neque</strong></span> <span class='ocrx_word' id='word_1_105' title='bbox 1506 1740 1566 1814; x_wconf 90' lang='lat' dir='ltr'><strong>illi</strong></span> 
     </span>
     <span class='ocr_line' id='line_1_13' title="bbox 162 1862 1568 1967; baseline 0.001 -31"><span class='ocrx_word' id='word_1_106' title='bbox 162 1879 292 1938; x_wconf 87' lang='lat' dir='ltr'><strong>tamen</strong></span> <span class='ocrx_word' id='word_1_107' title='bbox 311 1862 361 1937; x_wconf 89' lang='lat' dir='ltr'><strong>ad</strong></span> <span class='ocrx_word' id='word_1_108' title='bbox 384 1864 597 1939; x_wconf 84' lang='lat' dir='ltr'><strong>cavendum</strong></span> <span class='ocrx_word' id='word_1_109' title='bbox 611 1863 720 1939; x_wconf 78' lang='lat' dir='ltr'><strong>dolus</strong></span> <span class='ocrx_word' id='word_1_110' title='bbox 742 1879 810 1938; x_wconf 91' lang='lat' dir='ltr'><strong>aut</strong></span> <span class='ocrx_word' id='word_1_111' title='bbox 842 1864 990 1939; x_wconf 84' lang='lat' dir='ltr'><strong>astutiae</strong></span> <span class='ocrx_word' id='word_1_112' title='bbox 1018 1864 1183 1938; x_wconf 86' lang='lat' dir='ltr'><strong>deerant.</strong></span> <span class='ocrx_word' id='word_1_113' title='bbox 1216 1867 1389 1965; x_wconf 82' lang='lat' dir='ltr'><strong>Namque</strong></span> <span class='ocrx_word' id='word_1_114' title='bbox 1410 1892 1432 1937; x_wconf 90' lang='lat' dir='ltr'><strong>a</strong></span> <span class='ocrx_word' id='word_1_115' title='bbox 1459 1865 1568 1967; x_wconf 90' lang='lat' dir='ltr'><strong>prin·</strong></span> 
     </span>
     <span class='ocr_line' id='line_1_14' title="bbox 161 1985 1569 2089; baseline 0 -28"><span class='ocrx_word' id='word_1_116' title='bbox 161 1986 265 2089; x_wconf 88' lang='lat' dir='ltr'><strong>cipio</strong></span> <span class='ocrx_word' id='word_1_117' title='bbox 286 1986 505 2062; x_wconf 87' lang='lat' dir='ltr'><strong>consulatus</strong></span> <span class='ocrx_word' id='word_1_118' title='bbox 520 1986 601 2077; x_wconf 88' lang='lat' dir='ltr'><strong>sui,</strong></span> <span class='ocrx_word' id='word_1_119' title='bbox 625 1986 747 2060; x_wconf 86' lang='lat' dir='ltr'><strong>multa</strong></span> <span class='ocrx_word' id='word_1_120' title='bbox 767 1985 985 2089; x_wconf 88' lang='lat' dir='ltr'><strong>pollicendo</strong></span> <span class='ocrx_word' id='word_1_121' title='bbox 1009 2014 1079 2089; x_wconf 92' lang='lat' dir='ltr'><strong>per</strong></span> <span class='ocrx_word' id='word_1_122' title='bbox 1095 1986 1291 2075; x_wconf 88' lang='lat' dir='ltr'><strong>Fulviam,</strong></span> <span class='ocrx_word' id='word_1_123' title='bbox 1314 1987 1506 2075; x_wconf 80' lang='lat' dir='ltr'><strong>effecerat,</strong></span> <span class='ocrx_word' id='word_1_124' title='bbox 1522 2003 1569 2061; x_wconf 93' lang='lat' dir='ltr'><strong>ut</strong></span> 
     </span>
     <span class='ocr_line' id='line_1_15' title="bbox 166 2102 1593 2213; baseline -0.001 -27"><span class='ocrx_word' id='word_1_125' title='bbox 166 2111 213 2208; x_wconf 88' lang='lat' dir='ltr'><strong>Q.</strong></span> <span class='ocrx_word' id='word_1_126' title='bbox 228 2109 379 2201; x_wconf 78' lang='lat' dir='ltr'><strong>Curius,</strong></span> <span class='ocrx_word' id='word_1_127' title='bbox 404 2111 452 2185; x_wconf 87' lang='lat' dir='ltr'><strong>de</strong></span> <span class='ocrx_word' id='word_1_128' title='bbox 479 2138 556 2212; x_wconf 87' lang='lat' dir='ltr'><strong>quo</strong></span> <span class='ocrx_word' id='word_1_129' title='bbox 582 2107 713 2213; x_wconf 88' lang='lat' dir='ltr'><strong>paullo</strong></span> <span class='ocrx_word' id='word_1_130' title='bbox 739 2126 829 2186; x_wconf 85' lang='lat' dir='ltr'><strong>ante</strong></span> <span class='ocrx_word' id='word_1_131' title='bbox 857 2109 1083 2197; x_wconf 85' lang='lat' dir='ltr'><strong>memoravi,</strong></span> <span class='ocrx_word' id='word_1_132' title='bbox 1110 2110 1267 2184; x_wconf 89' lang='lat' dir='ltr'><strong>consilia</strong></span> <span class='ocrx_word' id='word_1_133' title='bbox 1298 2109 1473 2185; x_wconf 86' lang='lat' dir='ltr'><strong>Catilinae</strong></span> <span class='ocrx_word' id='word_1_134' title='bbox 1493 2102 1593 2184; x_wconf 76' lang='lat' dir='ltr'><strong>sibi&#39;</strong></span> 
     </span>
     <span class='ocr_line' id='line_1_16' title="bbox 164 2231 1568 2338; baseline 0.002 -32"><span class='ocrx_word' id='word_1_135' title='bbox 164 2233 352 2338; x_wconf 83' lang='lat' dir='ltr'><strong>proderet.</strong></span> <span class='ocrx_word' id='word_1_136' title='bbox 387 2232 449 2310; x_wconf 82' lang='lat' dir='ltr'><strong>Ad</strong></span> <span class='ocrx_word' id='word_1_137' title='bbox 479 2231 553 2308; x_wconf 90' lang='lat' dir='ltr'><strong>hoo</strong></span> <span class='ocrx_word' id='word_1_138' title='bbox 581 2234 763 2338; x_wconf 83' lang='lat' dir='ltr'><strong>collegam</strong></span> <span class='ocrx_word' id='word_1_139' title='bbox 781 2258 895 2308; x_wconf 83' lang='lat' dir='ltr'><strong>ouum</strong></span> <span class='ocrx_word' id='word_1_140' title='bbox 924 2232 1140 2306; x_wconf 88' lang='lat' dir='ltr'><strong>Antonium</strong></span> <span class='ocrx_word' id='word_1_141' title='bbox 1165 2233 1342 2337; x_wconf 89' lang='lat' dir='ltr'><strong>pactione</strong></span> <span class='ocrx_word' id='word_1_142' title='bbox 1362 2233 1568 2336; x_wconf 83' lang='lat' dir='ltr'><strong>provinciae</strong></span> 
     </span>
     <span class='ocr_line' id='line_1_17' title="bbox 166 2335 1568 2463; baseline 0 -31"><span class='ocrx_word' id='word_1_143' title='bbox 166 2357 405 2463; x_wconf 88' lang='lat' dir='ltr'><strong>perpulerat,</strong></span> <span class='ocrx_word' id='word_1_144' title='bbox 430 2383 480 2434; x_wconf 90' lang='lat' dir='ltr'><strong>ue</strong></span> <span class='ocrx_word' id='word_1_145' title='bbox 501 2373 634 2433; x_wconf 87' lang='lat' dir='ltr'><strong>contra</strong></span> <span class='ocrx_word' id='word_1_146' title='bbox 655 2383 736 2432; x_wconf 77' lang='lat' dir='ltr'><strong>aem</strong></span> <span class='ocrx_word' id='word_1_147' title='bbox 757 2355 956 2459; x_wconf 85' lang='lat' dir='ltr'><strong>publicam</strong></span> <span class='ocrx_word' id='word_1_148' title='bbox 977 2354 1152 2446; x_wconf 77' lang='lat' dir='ltr'><strong>sentiret,</strong></span> <span class='ocrx_word' id='word_1_149' title='bbox 1176 2335 1323 2431; x_wconf 79' lang='lat' dir='ltr'><strong>circum</strong></span> <span class='ocrx_word' id='word_1_150' title='bbox 1336 2382 1374 2432; x_wconf 88' lang='lat' dir='ltr'><strong>se</strong></span> <span class='ocrx_word' id='word_1_151' title='bbox 1391 2355 1568 2461; x_wconf 72' lang='lat' dir='ltr'><strong>praesidio</strong></span> 
     </span>
    </p>
   </div>
   <div class='ocr_carea' id='block_1_3' title="bbox 166 2555 1672 3793">
    <p class='ocr_par' dir='ltr' id='par_1_3' title="bbox 166 2555 1672 3793">
     <span class='ocr_line' id='line_1_18' title="bbox 166 2555 1572 2638; baseline 0.004 -24"><span class='ocrx_word' id='word_1_152' title='bbox 166 2565 197 2614; x_wconf 83' lang='lat' dir='ltr'><strong>et</strong></span> <span class='ocrx_word' id='word_1_153' title='bbox 220 2565 361 2633; x_wconf 79' lang='lat' dir='ltr'><strong>cantare,</strong></span> <span class='ocrx_word' id='word_1_154' title='bbox 386 2557 518 2638; x_wconf 78' lang='lat' dir='ltr'><strong>psallere.</strong></span> <span class='ocrx_word' id='word_1_155' title='bbox 549 2556 645 2617; x_wconf 83' lang='lat' dir='ltr'><strong>Gnell&#39;.</strong></span> <span class='ocrx_word' id='word_1_156' title='bbox 662 2555 691 2616; x_wconf 88' lang='grc'><strong>5.</strong></span> <span class='ocrx_word' id='word_1_157' title='bbox 716 2555 857 2636; x_wconf 80' lang='lat' dir='ltr'><strong>psallere,</strong></span> <span class='ocrx_word' id='word_1_158' title='bbox 877 2555 987 2618; x_wconf 81' lang='lat' dir='ltr'><strong>sultare</strong></span> <span class='ocrx_word' id='word_1_159' title='bbox 1004 2566 1138 2619; x_wconf 81' lang='lat' dir='ltr'><strong>cantore.</strong></span> <span class='ocrx_word' id='word_1_160' title='bbox 1166 2557 1263 2619; x_wconf 83' lang='lat' dir='ltr'><strong>Guelf.</strong></span> <span class='ocrx_word' id='word_1_161' title='bbox 1278 2559 1308 2620; x_wconf 91' lang='lat'><strong>8.</strong></span> <span class='ocrx_word' id='word_1_162' title='bbox 1335 2557 1416 2619; x_wconf 79' lang='lat' dir='ltr'><strong>leid.</strong></span> <span class='ocrx_word' id='word_1_163' title='bbox 1431 2558 1463 2619; x_wconf 91' lang='lat' dir='ltr'><strong>b.</strong></span> <span class='ocrx_word' id='word_1_164' title='bbox 1486 2559 1572 2638; x_wconf 81' lang='lat' dir='ltr'><strong>psal-</strong></span> 
     </span>
     <span class='ocr_line' id='line_1_19' title="bbox 171 2660 1572 2744; baseline 0.003 -24"><span class='ocrx_word' id='word_1_165' title='bbox 171 2660 233 2722; x_wconf 83' lang='lat' dir='ltr'><strong>lere</strong></span> <span class='ocrx_word' id='word_1_166' title='bbox 252 2669 280 2721; x_wconf 83' lang='lat' dir='ltr'><strong>et</strong></span> <span class='ocrx_word' id='word_1_167' title='bbox 297 2671 428 2722; x_wconf 81' lang='lat' dir='ltr'><strong>cantore.</strong></span> <span class='ocrx_word' id='word_1_168' title='bbox 448 2663 516 2723; x_wconf 86' lang='lat' dir='ltr'><strong>Ecc.</strong></span> <span class='ocrx_word' id='word_1_169' title='bbox 536 2663 632 2722; x_wconf 79' lang='lat' dir='ltr'><strong>Senot.</strong></span> <span class='ocrx_word' id='word_1_170' title='bbox 642 2682 670 2722; x_wconf 88' lang='grc'><strong>2.</strong></span> <span class='ocrx_word' id='word_1_171' title='bbox 692 2661 792 2720; x_wconf 77' lang='lat' dir='ltr'><strong>Heun.</strong></span> <span class='ocrx_word' id='word_1_172' title='bbox 811 2663 871 2722; x_wconf 92' lang='lat' dir='ltr'><strong>inc.</strong></span> <span class='ocrx_word' id='word_1_173' title='bbox 901 2683 926 2720; x_wconf 90' lang='grc' dir='ltr'><strong>ι.</strong></span> <span class='ocrx_word' id='word_1_174' title='bbox 947 2661 1028 2721; x_wconf 77' lang='lat' dir='ltr'><strong>leid.</strong></span> <span class='ocrx_word' id='word_1_175' title='bbox 1047 2683 1088 2721; x_wconf 91' lang='lat' dir='ltr'><strong>m.</strong></span> <span class='ocrx_word' id='word_1_176' title='bbox 1107 2662 1193 2723; x_wconf 86' lang='lat' dir='ltr'><strong>ch.</strong></span> <span class='ocrx_word' id='word_1_177' title='bbox 1203 2663 1232 2723; x_wconf 82' lang='lat'><strong>3.</strong></span> <span class='ocrx_word' id='word_1_178' title='bbox 1255 2665 1422 2744; x_wconf 69' lang='lat' dir='ltr'><strong>psaltoreet</strong></span> <span class='ocrx_word' id='word_1_179' title='bbox 1440 2675 1572 2733; x_wconf 73' lang='lat' dir='ltr'><strong>cantore.</strong></span> 
     </span>
     <span class='ocr_line' id='line_1_20' title="bbox 170 2743 1598 2846; baseline 0.003 -22"><span class='ocrx_word' id='word_1_180' title='bbox 170 2767 268 2831; x_wconf 83' lang='lat' dir='ltr'><strong>Guell&#39;.</strong></span> <span class='ocrx_word' id='word_1_181' title='bbox 282 2743 312 2825; x_wconf 67' lang='grc'><strong>6.</strong></span> <span class='ocrx_word' id='word_1_182' title='bbox 330 2766 467 2846; x_wconf 81' lang='lat' dir='ltr'><strong>psallere,</strong></span> <span class='ocrx_word' id='word_1_183' title='bbox 486 2767 608 2839; x_wconf 74' lang='lat' dir='ltr'><strong>sultare,</strong></span> <span class='ocrx_word' id='word_1_184' title='bbox 630 2766 762 2828; x_wconf 85' lang='lat' dir='ltr'><strong>meliores</strong></span> <span class='ocrx_word' id='word_1_185' title='bbox 777 2766 845 2825; x_wconf 85' lang='lat' dir='ltr'><strong>libri</strong></span> <span class='ocrx_word' id='word_1_186' title='bbox 862 2765 968 2825; x_wconf 82' lang='lat' dir='ltr'><strong>Curtii.</strong></span> <span class='ocrx_word' id='word_1_187' title='bbox 986 2766 1069 2827; x_wconf 88' lang='lat' dir='ltr'><strong>Leid.</strong></span> <span class='ocrx_word' id='word_1_188' title='bbox 1081 2789 1109 2827; x_wconf 88' lang='lat' dir='ltr'><strong>a.</strong></span> <span class='ocrx_word' id='word_1_189' title='bbox 1125 2764 1155 2825; x_wconf 92' lang='lat' dir='ltr'><strong>h.</strong></span> <span class='ocrx_word' id='word_1_190' title='bbox 1178 2768 1263 2827; x_wconf 84' lang='lat' dir='ltr'><strong>Paris.</strong></span> <span class='ocrx_word' id='word_1_191' title='bbox 1285 2769 1362 2827; x_wconf 85' lang='lat' dir='ltr'><strong>Edit.</strong></span> <span class='ocrx_word' id='word_1_192' title='bbox 1374 2769 1505 2830; x_wconf 83' lang='lat' dir='ltr'><strong>llacrob.</strong></span> <span class='ocrx_word' id='word_1_193' title='bbox 1517 2769 1573 2828; x_wconf 86' lang='lat' dir='ltr'><strong>Sa·</strong></span> <span class='ocrx_word' id='word_1_194' title='bbox 1595 2746 1598 2755; x_wconf 31' lang='grc' dir='ltr'>Ι</span> 
     </span>
     <span class='ocr_line' id='line_1_21' title="bbox 170 2871 1572 2953; baseline 0.002 -22"><span class='ocrx_word' id='word_1_195' title='bbox 170 2883 251 2931; x_wconf 87' lang='lat' dir='ltr'><strong>tum.</strong></span> <span class='ocrx_word' id='word_1_196' title='bbox 262 2871 291 2936; x_wconf 88' lang='grc'><strong>5.</strong></span> <span class='ocrx_word' id='word_1_197' title='bbox 309 2871 354 2942; x_wconf 74' lang='lat' dir='ltr'><strong>td.</strong></span> <span class='ocrx_word' id='word_1_198' title='bbox 383 2873 507 2953; x_wconf 79' lang='lat' dir='ltr'><strong>psallero</strong></span> <span class='ocrx_word' id='word_1_199' title='bbox 526 2882 553 2932; x_wconf 83' lang='lat' dir='ltr'><strong>et</strong></span> <span class='ocrx_word' id='word_1_200' title='bbox 573 2873 691 2933; x_wconf 77' lang='lat' dir='ltr'><strong>sultare.</strong></span> <span class='ocrx_word' id='word_1_201' title='bbox 711 2871 791 2930; x_wconf 90' lang='lat' dir='ltr'><strong>Leid.</strong></span> <span class='ocrx_word' id='word_1_202' title='bbox 805 2891 831 2930; x_wconf 87' lang='lat' dir='ltr'><strong>o.</strong></span> <span class='ocrx_word' id='word_1_203' title='bbox 844 2871 874 2930; x_wconf 93' lang='lat' dir='ltr'><strong>d.</strong></span> <span class='ocrx_word' id='word_1_204' title='bbox 888 2891 913 2930; x_wconf 82' lang='lat' dir='ltr'><strong>e.</strong></span> <span class='ocrx_word' id='word_1_205' title='bbox 933 2873 997 2952; x_wconf 82' lang='lat' dir='ltr'><strong>tg.</strong></span> <span class='ocrx_word' id='word_1_206' title='bbox 1009 2871 1029 2937; x_wconf 88' lang='lat' dir='ltr'><strong>i.</strong></span> <span class='ocrx_word' id='word_1_207' title='bbox 1039 2871 1068 2937; x_wconf 82' lang='lat' dir='ltr'><strong>k.</strong></span> <span class='ocrx_word' id='word_1_208' title='bbox 1079 2874 1101 2936; x_wconf 88' lang='lat'><strong>1.</strong></span> <span class='ocrx_word' id='word_1_209' title='bbox 1122 2892 1224 2931; x_wconf 77' lang='lat' dir='ltr'><strong>omncs</strong></span> <span class='ocrx_word' id='word_1_210' title='bbox 1236 2873 1298 2932; x_wconf 71' lang='lat' dir='ltr'><strong>Bas.</strong></span> <span class='ocrx_word' id='word_1_211' title='bbox 1317 2872 1386 2932; x_wconf 88' lang='lat' dir='ltr'><strong>Tur.</strong></span> <span class='ocrx_word' id='word_1_212' title='bbox 1399 2896 1425 2934; x_wconf 87' lang='lat' dir='ltr'><strong>r.</strong></span> <span class='ocrx_word' id='word_1_213' title='bbox 1438 2894 1464 2938; x_wconf 97' lang='grc'><strong>2.</strong></span> <span class='ocrx_word' id='word_1_214' title='bbox 1486 2874 1572 2934; x_wconf 87' lang='lat' dir='ltr'><strong>Bern.</strong></span> 
     </span>
     <span class='ocr_line' id='line_1_22' title="bbox 177 2975 1572 3057; baseline -0.002 -19"><span class='ocrx_word' id='word_1_215' title='bbox 177 3001 201 3038; x_wconf 91' lang='grc' dir='ltr'><strong>ι.</strong></span> <span class='ocrx_word' id='word_1_216' title='bbox 214 2977 243 3038; x_wconf 83' lang='grc'><strong>5.</strong></span> <span class='ocrx_word' id='word_1_217' title='bbox 264 2977 326 3037; x_wconf 75' lang='lat' dir='ltr'><strong>latr.</strong></span> <span class='ocrx_word' id='word_1_218' title='bbox 342 2987 411 3038; x_wconf 78' lang='lat' dir='ltr'><strong>aunt</strong></span> <span class='ocrx_word' id='word_1_219' title='bbox 432 3003 441 3036; x_wconf 74' lang='lat' dir='ltr'><strong>a</strong></span> <span class='ocrx_word' id='word_1_220' title='bbox 461 2987 529 3038; x_wconf 76' lang='lat' dir='ltr'><strong>sunt</strong></span> <span class='ocrx_word' id='word_1_221' title='bbox 552 2980 652 3038; x_wconf 89' lang='lat' dir='ltr'><strong>locum</strong></span> <span class='ocrx_word' id='word_1_222' title='bbox 667 2978 804 3036; x_wconf 79' lang='lat' dir='ltr'><strong>mutatio</strong></span> <span class='ocrx_word' id='word_1_223' title='bbox 821 2975 917 3034; x_wconf 81' lang='lat' dir='ltr'><strong>Guell.</strong></span> <span class='ocrx_word' id='word_1_224' title='bbox 942 2996 970 3040; x_wconf 90' lang='grc'><strong>2.</strong></span> <span class='ocrx_word' id='word_1_225' title='bbox 992 2976 1021 3040; x_wconf 89' lang='lat'><strong>6.</strong></span> <span class='ocrx_word' id='word_1_226' title='bbox 1048 2975 1160 3038; x_wconf 84' lang='lat' dir='ltr'><strong>Fabric.</strong></span> <span class='ocrx_word' id='word_1_227' title='bbox 1179 2996 1205 3043; x_wconf 89' lang='grc'><strong>2.</strong></span> <span class='ocrx_word' id='word_1_228' title='bbox 1227 2977 1294 3037; x_wconf 81' lang='lat' dir='ltr'><strong>Ecc.</strong></span> <span class='ocrx_word' id='word_1_229' title='bbox 1314 2977 1399 3038; x_wconf 76' lang='lat' dir='ltr'><strong>iaso.</strong></span> <span class='ocrx_word' id='word_1_230' title='bbox 1420 2996 1485 3057; x_wconf 76' lang='lat' dir='ltr'><strong>qtae</strong></span> <span class='ocrx_word' id='word_1_231' title='bbox 1509 2979 1572 3038; x_wconf 73' lang='lat' dir='ltr'><strong>lua.</strong></span> 
     </span>
     <span class='ocr_line' id='line_1_23' title="bbox 174 3079 1572 3162; baseline -0.001 -21"><span class='ocrx_word' id='word_1_232' title='bbox 174 3085 247 3161; x_wconf 90' lang='lat' dir='ltr'><strong>(om.</strong></span> <span class='ocrx_word' id='word_1_233' title='bbox 257 3082 336 3160; x_wconf 77' lang='lat' dir='ltr'><strong>auct)</strong></span> <span class='ocrx_word' id='word_1_234' title='bbox 356 3081 442 3146; x_wconf 85' lang='lat' dir='ltr'><strong>Bern.</strong></span> <span class='ocrx_word' id='word_1_235' title='bbox 458 3101 487 3142; x_wconf 92' lang='grc'><strong>2.</strong></span> <span class='ocrx_word' id='word_1_236' title='bbox 508 3084 571 3142; x_wconf 81' lang='lat' dir='ltr'><strong>dec.</strong></span> <span class='ocrx_word' id='word_1_237' title='bbox 587 3081 839 3162; x_wconf 81' lang='lat' dir='ltr'><strong>atquapod.suit..</strong></span> <span class='ocrx_word' id='word_1_238' title='bbox 861 3081 944 3139; x_wconf 81' lang='lat' dir='ltr'><strong>Rern.</strong></span> <span class='ocrx_word' id='word_1_239' title='bbox 965 3079 1051 3140; x_wconf 81' lang='lat' dir='ltr'><strong>Febr.</strong></span> <span class='ocrx_word' id='word_1_240' title='bbox 1074 3079 1158 3141; x_wconf 78' lang='lat' dir='ltr'><strong>Parit.</strong></span> <span class='ocrx_word' id='word_1_241' title='bbox 1169 3102 1196 3139; x_wconf 87' lang='lat' dir='ltr'><strong>a.</strong></span> <span class='ocrx_word' id='word_1_242' title='bbox 1211 3103 1238 3141; x_wconf 90' lang='lat' dir='ltr'><strong>c.</strong></span> <span class='ocrx_word' id='word_1_243' title='bbox 1250 3081 1280 3139; x_wconf 93' lang='lat' dir='ltr'><strong>d.</strong></span> <span class='ocrx_word' id='word_1_244' title='bbox 1300 3081 1368 3140; x_wconf 87' lang='lat' dir='ltr'><strong>Seu.</strong></span> <span class='ocrx_word' id='word_1_245' title='bbox 1384 3102 1409 3149; x_wconf 86' lang='lat'><strong>¹..</strong></span> <span class='ocrx_word' id='word_1_246' title='bbox 1430 3081 1492 3140; x_wconf 79' lang='lat' dir='ltr'><strong>Bae.</strong></span> <span class='ocrx_word' id='word_1_247' title='bbox 1507 3102 1533 3146; x_wconf 84' lang='grc' dir='ltr'><strong>ι.</strong></span> <span class='ocrx_word' id='word_1_248' title='bbox 1544 3103 1572 3142; x_wconf 90' lang='grc'><strong>2.</strong></span> 
     </span>
     <span class='ocr_line' id='line_1_24' title="bbox 174 3183 1572 3268; baseline -0.001 -21"><span class='ocrx_word' id='word_1_249' title='bbox 174 3188 273 3254; x_wconf 84' lang='lat' dir='ltr'><strong>Guell.</strong></span> <span class='ocrx_word' id='word_1_250' title='bbox 291 3209 317 3246; x_wconf 88' lang='grc' dir='ltr'><strong>ι.</strong></span> <span class='ocrx_word' id='word_1_251' title='bbox 333 3207 360 3246; x_wconf 90' lang='grc'><strong>2.</strong></span> <span class='ocrx_word' id='word_1_252' title='bbox 372 3188 399 3250; x_wconf 87' lang='grc'><strong>5.</strong></span> <span class='ocrx_word' id='word_1_253' title='bbox 419 3186 489 3268; x_wconf 82' lang='lat' dir='ltr'><strong>Teg.</strong></span> <span class='ocrx_word' id='word_1_254' title='bbox 510 3186 591 3246; x_wconf 77' lang='lat' dir='ltr'><strong>leid.</strong></span> <span class='ocrx_word' id='word_1_255' title='bbox 603 3207 635 3246; x_wconf 88' lang='lat' dir='ltr'><strong>n.</strong></span> <span class='ocrx_word' id='word_1_256' title='bbox 657 3187 709 3265; x_wconf 89' lang='lat' dir='ltr'><strong>(m.</strong></span> <span class='ocrx_word' id='word_1_257' title='bbox 722 3187 780 3266; x_wconf 86' lang='lat' dir='ltr'><strong>pr.)</strong></span> <span class='ocrx_word' id='word_1_258' title='bbox 802 3185 871 3246; x_wconf 87' lang='lat' dir='ltr'><strong>Tur.</strong></span> <span class='ocrx_word' id='word_1_259' title='bbox 886 3206 911 3250; x_wconf 84' lang='grc' dir='ltr'><strong>ι,</strong></span> <span class='ocrx_word' id='word_1_260' title='bbox 933 3183 1019 3244; x_wconf 85' lang='lat' dir='ltr'><strong>Bern.</strong></span> <span class='ocrx_word' id='word_1_261' title='bbox 1039 3183 1215 3262; x_wconf 75' lang='lat' dir='ltr'><strong>1.3.fiaere.</strong></span> <span class='ocrx_word' id='word_1_262' title='bbox 1244 3184 1436 3245; x_wconf 76' lang='lat' dir='ltr'><strong>omneoLeid.</strong></span> <span class='ocrx_word' id='word_1_263' title='bbox 1456 3184 1535 3264; x_wconf 67' lang='lat' dir='ltr'><strong>Tun}</strong></span> <span class='ocrx_word' id='word_1_264' title='bbox 1543 3206 1572 3246; x_wconf 89' lang='grc'><strong>2.</strong></span> 
     </span>
     <span class='ocr_line' id='line_1_25' title="bbox 172 3289 1572 3370; baseline -0.004 -16"><span class='ocrx_word' id='word_1_265' title='bbox 172 3293 235 3358; x_wconf 76' lang='lat' dir='ltr'><strong>Bas.</strong></span> <span class='ocrx_word' id='word_1_266' title='bbox 249 3292 278 3353; x_wconf 87' lang='grc'><strong>5.</strong></span> <span class='ocrx_word' id='word_1_267' title='bbox 292 3293 322 3364; x_wconf 72' lang='lat' dir='ltr'><strong>d.</strong></span> <span class='ocrx_word' id='word_1_268' title='bbox 344 3291 429 3352; x_wconf 87' lang='lat' dir='ltr'><strong>Bern.</strong></span> <span class='ocrx_word' id='word_1_269' title='bbox 448 3310 476 3356; x_wconf 90' lang='grc'><strong>2.</strong></span> <span class='ocrx_word' id='word_1_270' title='bbox 497 3290 596 3350; x_wconf 78' lang='lat' dir='ltr'><strong>lrrhido</strong></span> <span class='ocrx_word' id='word_1_271' title='bbox 608 3290 650 3351; x_wconf 76' lang='lat' dir='ltr'><strong>sic</strong></span> <span class='ocrx_word' id='word_1_272' title='bbox 662 3309 795 3352; x_wconf 76' lang='lat' dir='ltr'><strong>uooemo.</strong></span> <span class='ocrx_word' id='word_1_273' title='bbox 816 3290 913 3351; x_wconf 81' lang='lat' dir='ltr'><strong>Guelf.</strong></span> <span class='ocrx_word' id='word_1_274' title='bbox 930 3311 955 3348; x_wconf 90' lang='lat'><strong>1.</strong></span> <span class='ocrx_word' id='word_1_275' title='bbox 971 3290 999 3349; x_wconf 84' lang='lat'><strong>5.</strong></span> <span class='ocrx_word' id='word_1_276' title='bbox 1019 3290 1087 3348; x_wconf 87' lang='lat' dir='ltr'><strong>Seu.</strong></span> <span class='ocrx_word' id='word_1_277' title='bbox 1100 3310 1126 3349; x_wconf 88' lang='grc' dir='ltr'><strong>ι.</strong></span> <span class='ocrx_word' id='word_1_278' title='bbox 1146 3289 1230 3354; x_wconf 86' lang='lat' dir='ltr'><strong>Fabr.</strong></span> <span class='ocrx_word' id='word_1_279' title='bbox 1248 3310 1273 3347; x_wconf 86' lang='lat'><strong>1.</strong></span> <span class='ocrx_word' id='word_1_280' title='bbox 1293 3289 1362 3352; x_wconf 85' lang='lat' dir='ltr'><strong>Tur.</strong></span> <span class='ocrx_word' id='word_1_281' title='bbox 1378 3311 1402 3348; x_wconf 88' lang='lat'><strong>1.</strong></span> <span class='ocrx_word' id='word_1_282' title='bbox 1427 3290 1497 3368; x_wconf 88' lang='lat' dir='ltr'><strong>(m.·</strong></span> <span class='ocrx_word' id='word_1_283' title='bbox 1505 3291 1572 3370; x_wconf 86' lang='lat' dir='ltr'><strong>pr.)</strong></span> 
     </span>
     <span class='ocr_line' id='line_1_26' title="bbox 173 3385 1672 3474; baseline -0.002 -16"><span class='ocrx_word' id='word_1_284' title='bbox 173 3401 253 3460; x_wconf 84' lang='lat' dir='ltr'><strong>Serv.</strong></span> <span class='ocrx_word' id='word_1_285' title='bbox 269 3396 317 3456; x_wconf 89' lang='lat' dir='ltr'><strong>ad.</strong></span> <span class='ocrx_word' id='word_1_286' title='bbox 332 3385 403 3462; x_wconf 67' lang='lat' dir='ltr'><strong>den.</strong></span> <span class='ocrx_word' id='word_1_287' title='bbox 417 3396 447 3455; x_wconf 88' lang='grc'><strong>6.</strong></span> <span class='ocrx_word' id='word_1_288' title='bbox 466 3396 534 3456; x_wconf 90' lang='grc'><strong>525.</strong></span> <span class='ocrx_word' id='word_1_289' title='bbox 555 3395 742 3455; x_wconf 79' lang='lat' dir='ltr'><strong>dr&#39;scernerea.</strong></span> <span class='ocrx_word' id='word_1_290' title='bbox 762 3415 863 3454; x_wconf 83' lang='lat' dir='ltr'><strong>omnes</strong></span> <span class='ocrx_word' id='word_1_291' title='bbox 883 3393 966 3454; x_wconf 82' lang='lat' dir='ltr'><strong>Leid.</strong></span> <span class='ocrx_word' id='word_1_292' title='bbox 987 3390 1049 3451; x_wconf 76' lang='lat' dir='ltr'><strong>Bau.</strong></span> <span class='ocrx_word' id='word_1_293' title='bbox 1070 3393 1130 3452; x_wconf 87' lang='lat' dir='ltr'><strong>Erl.</strong></span> <span class='ocrx_word' id='word_1_294' title='bbox 1150 3392 1219 3474; x_wconf 84' lang='lat' dir='ltr'><strong>Teg.</strong></span> <span class='ocrx_word' id='word_1_295' title='bbox 1239 3393 1308 3453; x_wconf 84' lang='lat' dir='ltr'><strong>Tur.</strong></span> <span class='ocrx_word' id='word_1_296' title='bbox 1329 3393 1414 3453; x_wconf 91' lang='lat' dir='ltr'><strong>Bern.</strong></span> <span class='ocrx_word' id='word_1_297' title='bbox 1434 3396 1576 3456; x_wconf 65' lang='grc'><strong>(12222122-</strong></span> <span class='ocrx_word' id='word_1_298' title='bbox 1669 3404 1672 3412; x_wconf 89' lang='grc'><strong>“</strong></span> 
     </span>
     <span class='ocr_line' id='line_1_27' title="bbox 175 3497 1576 3580; baseline -0.003 -16"><span class='ocrx_word' id='word_1_299' title='bbox 175 3523 231 3564; x_wconf 77' lang='lat' dir='ltr'><strong>ret.</strong></span> <span class='ocrx_word' id='word_1_300' title='bbox 252 3497 369 3562; x_wconf 76' lang='lat' dir='ltr'><strong>Cottius</strong></span> <span class='ocrx_word' id='word_1_301' title='bbox 380 3511 409 3562; x_wconf 86' lang='lat' dir='ltr'><strong>et</strong></span> <span class='ocrx_word' id='word_1_302' title='bbox 419 3501 496 3561; x_wconf 85' lang='lat' dir='ltr'><strong>Edit.</strong></span> <span class='ocrx_word' id='word_1_303' title='bbox 517 3501 601 3559; x_wconf 81' lang='lat' dir='ltr'><strong>Paris.</strong></span> <span class='ocrx_word' id='word_1_304' title='bbox 619 3519 701 3580; x_wconf 78' lang='lat' dir='ltr'><strong>posse</strong></span> <span class='ocrx_word' id='word_1_305' title='bbox 715 3502 803 3577; x_wconf 82' lang='lat' dir='ltr'><strong>v.s..·</strong></span> <span class='ocrx_word' id='word_1_306' title='bbox 821 3519 902 3580; x_wconf 79' lang='lat' dir='ltr'><strong>potae</strong></span> <span class='ocrx_word' id='word_1_307' title='bbox 915 3518 977 3558; x_wconf 92' lang='lat' dir='ltr'><strong>non</strong></span> <span class='ocrx_word' id='word_1_308' title='bbox 993 3507 1081 3557; x_wconf 70' lang='lat' dir='ltr'><strong>astat</strong></span> <span class='ocrx_word' id='word_1_309' title='bbox 1099 3499 1131 3556; x_wconf 89' lang='lat' dir='ltr'><strong>in</strong></span> <span class='ocrx_word' id='word_1_310' title='bbox 1142 3499 1210 3563; x_wconf 88' lang='lat' dir='ltr'><strong>Seu.</strong></span> <span class='ocrx_word' id='word_1_311' title='bbox 1225 3519 1252 3558; x_wconf 85' lang='lat'><strong>2.</strong></span> <span class='ocrx_word' id='word_1_312' title='bbox 1274 3499 1374 3558; x_wconf 79' lang='lat' dir='ltr'><strong>lleuas.</strong></span> <span class='ocrx_word' id='word_1_313' title='bbox 1396 3503 1496 3560; x_wconf 89' lang='lat' dir='ltr'><strong>locum</strong></span> <span class='ocrx_word' id='word_1_314' title='bbox 1506 3522 1576 3560; x_wconf 87' lang='lat' dir='ltr'><strong>mu·</strong></span> 
     </span>
     <span class='ocr_line' id='line_1_28' title="bbox 173 3601 1575 3688; baseline -0.002 -19"><span class='ocrx_word' id='word_1_315' title='bbox 173 3619 217 3669; x_wconf 79' lang='lat' dir='ltr'><strong>tat</strong></span> <span class='ocrx_word' id='word_1_316' title='bbox 232 3609 264 3668; x_wconf 92' lang='lat' dir='ltr'><strong>in</strong></span> <span class='ocrx_word' id='word_1_317' title='bbox 279 3605 383 3678; x_wconf 54' lang='lat' dir='ltr'><strong>Betui.</strong></span> <span class='ocrx_word' id='word_1_318' title='bbox 405 3606 481 3686; x_wconf 76' lang='lat' dir='ltr'><strong>lepor</strong></span> <span class='ocrx_word' id='word_1_319' title='bbox 501 3605 600 3664; x_wconf 82' lang='lat' dir='ltr'><strong>laudat</strong></span> <span class='ocrx_word' id='word_1_320' title='bbox 614 3602 727 3664; x_wconf 80' lang='lat' dir='ltr'><strong>Charis.</strong></span> <span class='ocrx_word' id='word_1_321' title='bbox 746 3625 778 3684; x_wconf 89' lang='lat' dir='ltr'><strong>p.</strong></span> <span class='ocrx_word' id='word_1_322' title='bbox 795 3606 861 3685; x_wconf 85' lang='lat'><strong>189.</strong></span> <span class='ocrx_word' id='word_1_323' title='bbox 882 3603 935 3669; x_wconf 84' lang='lat' dir='ltr'><strong>Ed.</strong></span> <span class='ocrx_word' id='word_1_324' title='bbox 947 3601 1061 3662; x_wconf 84' lang='lat' dir='ltr'><strong>Putsch.</strong></span> <span class='ocrx_word' id='word_1_325' title='bbox 1082 3601 1211 3662; x_wconf 78' lang='lat' dir='ltr'><strong>inerunt.</strong></span> <span class='ocrx_word' id='word_1_326' title='bbox 1231 3603 1319 3668; x_wconf 85' lang='lat' dir='ltr'><strong>Palat.</strong></span> <span class='ocrx_word' id='word_1_327' title='bbox 1337 3626 1366 3688; x_wconf 83' lang='lat'><strong>7.</strong></span> <span class='ocrx_word' id='word_1_328' title='bbox 1382 3625 1411 3686; x_wconf 85' lang='lat'><strong>9.</strong></span> <span class='ocrx_word' id='word_1_329' title='bbox 1433 3605 1535 3668; x_wconf 79' lang='lat' dir='ltr'><strong>Vinur.</strong></span> <span class='ocrx_word' id='word_1_330' title='bbox 1546 3624 1575 3666; x_wconf 89' lang='grc'><strong>2.</strong></span> 
     </span>
     <span class='ocr_line' id='line_1_29' title="bbox 175 3707 1216 3793; baseline -0.007 -19"><span class='ocrx_word' id='word_1_331' title='bbox 175 3717 236 3780; x_wconf 88' lang='lat' dir='ltr'><strong>inc.</strong></span> <span class='ocrx_word' id='word_1_332' title='bbox 249 3733 277 3778; x_wconf 90' lang='grc'><strong>2.</strong></span> <span class='ocrx_word' id='word_1_333' title='bbox 297 3711 378 3771; x_wconf 71' lang='lat' dir='ltr'><strong>laid.</strong></span> <span class='ocrx_word' id='word_1_334' title='bbox 390 3733 416 3772; x_wconf 88' lang='lat' dir='ltr'><strong>c.</strong></span> <span class='ocrx_word' id='word_1_335' title='bbox 428 3731 457 3793; x_wconf 83' lang='lat' dir='ltr'><strong>g.</strong></span> <span class='ocrx_word' id='word_1_336' title='bbox 478 3709 547 3792; x_wconf 83' lang='lat' dir='ltr'><strong>Teg.</strong></span> <span class='ocrx_word' id='word_1_337' title='bbox 568 3709 638 3788; x_wconf 81' lang='lat' dir='ltr'><strong>Tur.</strong></span> <span class='ocrx_word' id='word_1_338' title='bbox 657 3729 682 3769; x_wconf 91' lang='grc' dir='ltr'><strong>ι.</strong></span> <span class='ocrx_word' id='word_1_339' title='bbox 695 3709 818 3786; x_wconf 72' lang='lat' dir='ltr'><strong>facetiae</strong></span> <span class='ocrx_word' id='word_1_340' title='bbox 832 3713 902 3768; x_wconf 83' lang='lat' dir='ltr'><strong>sales</strong></span> <span class='ocrx_word' id='word_1_341' title='bbox 919 3730 959 3766; x_wconf 91' lang='lat' dir='ltr'><strong>m.</strong></span> <span class='ocrx_word' id='word_1_342' title='bbox 975 3707 995 3767; x_wconf 89' lang='lat' dir='ltr'><strong>l.</strong></span> <span class='ocrx_word' id='word_1_343' title='bbox 1015 3708 1084 3789; x_wconf 84' lang='lat' dir='ltr'><strong>Teg.</strong></span> <span class='ocrx_word' id='word_1_344' title='bbox 1105 3707 1175 3766; x_wconf 89' lang='lat' dir='ltr'><strong>Tur.</strong></span> <span class='ocrx_word' id='word_1_345' title='bbox 1191 3729 1216 3767; x_wconf 85' lang='lat' dir='ltr'><strong>r.</strong></span> 
     </span>
    </p>
   </div>
   <div class='ocr_carea' id='block_1_4' title="bbox 175 3833 1580 4340">
    <p class='ocr_par' dir='ltr' id='par_1_4' title="bbox 175 3833 1580 4340">
     <span class='ocr_line' id='line_1_30' title="bbox 241 3833 1575 3923; baseline 0.001 -22"><span class='ocrx_word' id='word_1_346' title='bbox 241 3839 314 3923; x_wconf 83' lang='lat' dir='ltr'><strong>Cup.</strong></span> <span class='ocrx_word' id='word_1_347' title='bbox 325 3839 374 3900; x_wconf 89' lang='grc'><strong>26.</strong></span> <span class='ocrx_word' id='word_1_348' title='bbox 394 3841 454 3900; x_wconf 70' lang='lat' dir='ltr'><strong>da.</strong></span> <span class='ocrx_word' id='word_1_349' title='bbox 468 3838 580 3899; x_wconf 76' lang='lat' dir='ltr'><strong>consol.</strong></span> <span class='ocrx_word' id='word_1_350' title='bbox 598 3837 659 3898; x_wconf 84' lang='lat' dir='ltr'><strong>Erl.</strong></span> <span class='ocrx_word' id='word_1_351' title='bbox 679 3837 759 3896; x_wconf 79' lang='lat' dir='ltr'><strong>leid.</strong></span> <span class='ocrx_word' id='word_1_352' title='bbox 774 3836 804 3895; x_wconf 93' lang='lat' dir='ltr'><strong>d.</strong></span> <span class='ocrx_word' id='word_1_353' title='bbox 816 3833 848 3894; x_wconf 85' lang='lat' dir='ltr'><strong>h.</strong></span> <span class='ocrx_word' id='word_1_354' title='bbox 868 3835 930 3894; x_wconf 85' lang='lat' dir='ltr'><strong>Bas.</strong></span> <span class='ocrx_word' id='word_1_355' title='bbox 941 3835 970 3896; x_wconf 83' lang='lat'><strong>3.</strong></span> <span class='ocrx_word' id='word_1_356' title='bbox 984 3835 1014 3906; x_wconf 74' lang='lat' dir='ltr'><strong>d.</strong></span> <span class='ocrx_word' id='word_1_357' title='bbox 1033 3835 1147 3901; x_wconf 68' lang='lat' dir='ltr'><strong>Iride.</strong></span> <span class='ocrx_word' id='word_1_358' title='bbox 1160 3837 1192 3896; x_wconf 85' lang='lat' dir='ltr'><strong>cl.</strong></span> <span class='ocrx_word' id='word_1_359' title='bbox 1213 3836 1297 3897; x_wconf 84' lang='lat' dir='ltr'><strong>Bern.</strong></span> <span class='ocrx_word' id='word_1_360' title='bbox 1309 3837 1339 3898; x_wconf 90' lang='grc'><strong>5.</strong></span> <span class='ocrx_word' id='word_1_361' title='bbox 1360 3840 1431 3915; x_wconf 70' lang='lat' dir='ltr'><strong>(ts.</strong></span> <span class='ocrx_word' id='word_1_362' title='bbox 1444 3860 1471 3900; x_wconf 87' lang='lat' dir='ltr'><strong>e.</strong></span> <span class='ocrx_word' id='word_1_363' title='bbox 1493 3840 1575 3902; x_wconf 86' lang='lat' dir='ltr'><strong>Leid.</strong></span> 
     </span>
     <span class='ocr_line' id='line_1_31' title="bbox 176 3939 1576 4032; baseline -0.001 -25"><span class='ocrx_word' id='word_1_364' title='bbox 176 3972 205 4032; x_wconf 78' lang='lat' dir='ltr'><strong>g.</strong></span> <span class='ocrx_word' id='word_1_365' title='bbox 223 3968 256 4007; x_wconf 87' lang='lat' dir='ltr'><strong>n.</strong></span> <span class='ocrx_word' id='word_1_366' title='bbox 277 3946 362 4007; x_wconf 88' lang='lat' dir='ltr'><strong>Bern.</strong></span> <span class='ocrx_word' id='word_1_367' title='bbox 374 3966 402 4006; x_wconf 88' lang='grc'><strong>2.</strong></span> <span class='ocrx_word' id='word_1_368' title='bbox 421 3943 634 4020; x_wconf 51' lang='lat' dir='ltr'><strong>&amp;defecerat</strong></span> <span class='ocrx_word' id='word_1_369' title='bbox 655 3941 751 4005; x_wconf 81' lang='lat' dir='ltr'><strong>Guell.</strong></span> <span class='ocrx_word' id='word_1_370' title='bbox 765 3942 793 4000; x_wconf 89' lang='lat'><strong>5.</strong></span> <span class='ocrx_word' id='word_1_371' title='bbox 814 3939 1048 4002; x_wconf 79' lang='lat' dir='ltr'><strong>cornmemoravi.</strong></span> <span class='ocrx_word' id='word_1_372' title='bbox 1061 3941 1131 4024; x_wconf 77' lang='lat' dir='ltr'><strong>Teg-</strong></span> <span class='ocrx_word' id='word_1_373' title='bbox 1144 3942 1212 4005; x_wconf 82' lang='lat' dir='ltr'><strong>vin.</strong></span> <span class='ocrx_word' id='word_1_374' title='bbox 1231 3964 1258 4003; x_wconf 89' lang='grc'><strong>2.</strong></span> <span class='ocrx_word' id='word_1_375' title='bbox 1270 3943 1370 4008; x_wconf 74' lang='lat' dir='ltr'><strong>lleuaa.</strong></span> <span class='ocrx_word' id='word_1_376' title='bbox 1390 3945 1576 4007; x_wconf 65' lang='lat' dir='ltr'><strong>strualaetd.</strong></span> 
     </span>
     <span class='ocr_line' id='line_1_32' title="bbox 178 4044 1578 4130; baseline 0.001 -17"><span class='ocrx_word' id='word_1_377' title='bbox 178 4054 259 4130; x_wconf 69' lang='lat' dir='ltr'><strong>dp.</strong></span> <span class='ocrx_word' id='word_1_378' title='bbox 278 4051 347 4115; x_wconf 85' lang='lat' dir='ltr'><strong>Tur.</strong></span> <span class='ocrx_word' id='word_1_379' title='bbox 367 4071 392 4115; x_wconf 85' lang='grc' dir='ltr'><strong>ι.</strong></span> <span class='ocrx_word' id='word_1_380' title='bbox 413 4050 497 4114; x_wconf 89' lang='lat' dir='ltr'><strong>Bcrn.</strong></span> <span class='ocrx_word' id='word_1_381' title='bbox 518 4071 543 4107; x_wconf 88' lang='lat'><strong>1.</strong></span> <span class='ocrx_word' id='word_1_382' title='bbox 556 4048 584 4108; x_wconf 88' lang='grc'><strong>5.</strong></span> <span class='ocrx_word' id='word_1_383' title='bbox 603 4047 778 4128; x_wconf 79' lang='lat' dir='ltr'><strong>perpulerat.</strong></span> <span class='ocrx_word' id='word_1_384' title='bbox 807 4046 988 4106; x_wconf 77' lang='lat' dir='ltr'><strong>vetustissimi</strong></span> <span class='ocrx_word' id='word_1_385' title='bbox 1007 4044 1106 4105; x_wconf 85' lang='lat' dir='ltr'><strong>codd.</strong></span> <span class='ocrx_word' id='word_1_386' title='bbox 1130 4048 1290 4127; x_wconf 75' lang='lat' dir='ltr'><strong>pepulerat.</strong></span> <span class='ocrx_word' id='word_1_387' title='bbox 1310 4047 1408 4116; x_wconf 83' lang='lat' dir='ltr'><strong>Guelf,</strong></span> <span class='ocrx_word' id='word_1_388' title='bbox 1425 4070 1451 4111; x_wconf 88' lang='grc' dir='ltr'><strong>ι.</strong></span> <span class='ocrx_word' id='word_1_389' title='bbox 1471 4050 1534 4115; x_wconf 75' lang='lat' dir='ltr'><strong>Bao.</strong></span> <span class='ocrx_word' id='word_1_390' title='bbox 1548 4049 1578 4115; x_wconf 81' lang='lat'><strong>3.</strong></span> 
     </span>
     <span class='ocr_line' id='line_1_33' title="bbox 175 4150 1580 4239; baseline -0.001 -23"><span class='ocrx_word' id='word_1_391' title='bbox 175 4157 385 4239; x_wconf 68' lang='lat' dir='ltr'><strong>perpopulorat.</strong></span> <span class='ocrx_word' id='word_1_392' title='bbox 409 4155 522 4214; x_wconf 83' lang='lat' dir='ltr'><strong>Fabric.</strong></span> <span class='ocrx_word' id='word_1_393' title='bbox 546 4173 572 4218; x_wconf 88' lang='lat'><strong>2.</strong></span> <span class='ocrx_word' id='word_1_394' title='bbox 594 4154 659 4218; x_wconf 83' lang='lat' dir='ltr'><strong>Ecc.</strong></span> <span class='ocrx_word' id='word_1_395' title='bbox 681 4173 722 4210; x_wconf 89' lang='lat' dir='ltr'><strong>m.</strong></span> <span class='ocrx_word' id='word_1_396' title='bbox 736 4173 791 4212; x_wconf 81' lang='lat' dir='ltr'><strong>sec.</strong></span> <span class='ocrx_word' id='word_1_397' title='bbox 809 4151 983 4230; x_wconf 79' lang='lat' dir='ltr'><strong>protulerat.</strong></span> <span class='ocrx_word' id='word_1_398' title='bbox 1004 4150 1100 4217; x_wconf 79' lang='lat' dir='ltr'><strong>Guell.</strong></span> <span class='ocrx_word' id='word_1_399' title='bbox 1117 4153 1146 4223; x_wconf 70' lang='grc'><strong>4.</strong></span> <span class='ocrx_word' id='word_1_400' title='bbox 1167 4155 1356 4232; x_wconf 79' lang='lat' dir='ltr'><strong>compulerat.</strong></span> <span class='ocrx_word' id='word_1_401' title='bbox 1370 4153 1421 4220; x_wconf 73' lang='lat' dir='ltr'><strong>Ac.</strong></span> <span class='ocrx_word' id='word_1_402' title='bbox 1438 4154 1580 4236; x_wconf 80' lang='lat' dir='ltr'><strong>propule-</strong></span> 
     </span>
     <span class='ocr_line' id='line_1_34' title="bbox 178 4255 1578 4340; baseline -0.004 -17"><span class='ocrx_word' id='word_1_403' title='bbox 178 4272 238 4325; x_wconf 84' lang='lat' dir='ltr'><strong>rat.</strong></span> <span class='ocrx_word' id='word_1_404' title='bbox 259 4263 317 4322; x_wconf 89' lang='lat' dir='ltr'><strong>inc.</strong></span> <span class='ocrx_word' id='word_1_405' title='bbox 338 4261 464 4322; x_wconf 79' lang='lat' dir='ltr'><strong>Remi.</strong></span> <span class='ocrx_word' id='word_1_406' title='bbox 494 4258 591 4324; x_wconf 80' lang='lat' dir='ltr'><strong>Guels.</strong></span> <span class='ocrx_word' id='word_1_407' title='bbox 610 4277 636 4322; x_wconf 93' lang='grc'><strong>2.</strong></span> <span class='ocrx_word' id='word_1_408' title='bbox 650 4258 678 4323; x_wconf 87' lang='grc'><strong>5.</strong></span> <span class='ocrx_word' id='word_1_409' title='bbox 690 4258 721 4317; x_wconf 86' lang='grc'><strong>6.</strong></span> <span class='ocrx_word' id='word_1_410' title='bbox 735 4279 763 4340; x_wconf 88' lang='lat'><strong>9.</strong></span> <span class='ocrx_word' id='word_1_411' title='bbox 784 4279 829 4318; x_wconf 84' lang='lat' dir='ltr'><strong>rr.</strong></span> <span class='ocrx_word' id='word_1_412' title='bbox 847 4275 893 4316; x_wconf 82' lang='grc'><strong>22.</strong></span> <span class='ocrx_word' id='word_1_413' title='bbox 921 4255 982 4316; x_wconf 83' lang='lat' dir='ltr'><strong>Bas.</strong></span> <span class='ocrx_word' id='word_1_414' title='bbox 996 4276 1024 4315; x_wconf 93' lang='grc'><strong>2.</strong></span> <span class='ocrx_word' id='word_1_415' title='bbox 1045 4257 1140 4321; x_wconf 70' lang='lat' dir='ltr'><strong>strar.</strong></span> <span class='ocrx_word' id='word_1_416' title='bbox 1161 4257 1220 4318; x_wconf 79' lang='lat' dir='ltr'><strong>vin</strong></span> <span class='ocrx_word' id='word_1_417' title='bbox 1249 4264 1341 4340; x_wconf 78' lang='lat' dir='ltr'><strong>uterq.</strong></span> <span class='ocrx_word' id='word_1_418' title='bbox 1362 4258 1424 4318; x_wconf 74' lang='lat' dir='ltr'><strong>Bac.</strong></span> <span class='ocrx_word' id='word_1_419' title='bbox 1441 4261 1469 4330; x_wconf 76' lang='grc'><strong>4.</strong></span> <span class='ocrx_word' id='word_1_420' title='bbox 1491 4259 1578 4321; x_wconf 85' lang='lat' dir='ltr'><strong>Bern.</strong></span> 
     </span>
    </p>
   </div>
   <div class='ocr_carea' id='block_1_5' title="bbox 0 0 1959 4867">
    <p class='ocr_par' dir='ltr' id='par_1_5' title="bbox 0 0 1959 4867">
     <span class='ocr_line' id='line_1_35' title="bbox 0 0 1959 4867; baseline 0 0"><span class='ocrx_word' id='word_1_421' title='bbox 0 0 1959 4867; x_wconf 95' lang='lat' dir='ltr'><strong> </strong></span> 
     </span>
    </p>
   </div>
  </div>
 </body>
</html>
