3850 4867
337 338 387 389 xtt

341 494 547 575 Salustium
556 494 727 575 valuerit
753 500 836 575 Imo
853 494 1000 576 exilitas
1014 498 1115 591 soni,
1140 524 1258 603 quam
1277 498 1353 575 iam
1375 500 1529 604 antiqui
1543 498 1674 577 Critici
1693 497 1735 574 in

340 618 414 698 hac
430 649 568 699 vocum
590 622 859 699 tenninatione
884 640 1096 713 notarunt,
1122 623 1344 699 Salustianae
1363 626 1545 700 orationis
1566 622 1736 729 gravitati

341 772 481 851 parum
498 764 749 823 consentanea
769 774 845 824 esse
865 746 1025 823 videtur.
1055 748 1128 823 Sed
1147 775 1237 823 cum
1256 747 1340 823 hac
1358 774 1416 825 res
1437 749 1486 823 sit
1510 748 1740 852 impeditior,

342 897 461 973 quam
482 896 568 975 quae
591 872 724 977 paucis
744 872 860 977 possit
878 872 1038 961 absolvi,
1065 871 1113 948 de
1128 869 1400 978 orthographia
1420 872 1633 947 Salustiana
1652 870 1741 945 fusi·

343 995 446 1069 usin
468 996 748 1071 commentariis
769 1022 887 1101 agam.
928 998 1011 1072 Hoc
1030 1024 1155 1072 unum
1174 998 1367 1074 monitum
1389 997 1521 1087 velim,
1544 996 1742 1102 superlati·

343 1118 378 1193 vi
412 1118 557 1194 exitum
579 1119 620 1194 in
640 1146 797 1208 sumum,
822 1146 937 1221 quem
966 1122 1125 1213 retinui,
1151 1122 1193 1196 in
1226 1122 1338 1199 nullo
1362 1146 1535 1197 meorum
1566 1120 1740 1196 codicum

344 1243 435 1349 legi3
469 1270 519 1319 ne
544 1243 694 1320 Cortius
724 1242 880 1346 quidem
913 1244 1104 1347 ceterique
1134 1246 1307 1321 Editores
1339 1261 1545 1336 testantur,
1568 1268 1607 1319 se
1635 1244 1740 1317 istam

345 1368 654 1443 terminationem
672 1366 714 1441 in
732 1367 838 1442 libris
857 1368 940 1442 Mss.
963 1368 1155 1443 invenisse.
1187 1370 1367 1445 Occurrit
1383 1368 1541 1472 quidem
1561 1368 1600 1443 in
1618 1365 1741 1443 Plauti

345 1492 479 1581 Codd.,
504 1492 620 1567 etiam
636 1491 678 1567 in
698 1491 886 1567 Vaticano
904 1491 1095 1567 Ciceronis
1118 1492 1267 1583 Codice,
1285 1508 1401 1596 atque
1420 1492 1559 1597 passim
1583 1493 1626 1567 in
1647 1490 1742 1565 anti·

344 1616 430 1717 quis
450 1616 708 1690 monumentis
727 1642 758 1688 v.
779 1642 808 1689 c
830 1614 871 1689 in
886 1613 1116 1719 cenotaphio
1127 1616 1269 1692 Gaiano
1293 1633 1410 1718 atque
1427 1616 1469 1691 in
1490 1614 1743 1720 inscriptioni·

345 1740 416 1813 hus
431 1739 598 1842 antiquis
615 1766 635 1815 a
656 1739 824 1814 Grutero
842 1738 1026 1832 collectis3
1050 1738 1115 1814 sed
1134 1738 1297 1813 Salustio
1313 1738 1431 1814 solam
1447 1738 1550 1815 banc
1567 1739 1744 1816 termina-

346 1863 491 1938 tionem
505 1864 684 1939 usitatam
702 1862 831 1953 fuisse,
847 1861 1025 1939 nondum
1048 1861 1220 1938 adducor
1238 1878 1285 1937 nt
1311 1862 1472 1939 credam.
1516 1866 1616 1939 Nam
1643 1864 1745 1968 quod

345 2007 526 2088 optumus,
552 2014 760 2073 maaeumus,
781 2013 988 2088 proxrnnns
1005 1986 1207 2076 scribitur,
1224 1986 1315 2062 inde
1331 2014 1411 2062 non
1429 1987 1607 2078 elllcitur,
1632 1994 1745 2063 isuai-

344 2139 484 2199 sumns,
508 2113 737 2198 simillnmns,
757 2114 948 2212 plurumas
969 2134 1044 2185 esse
1059 2110 1314 2186 scribendum.
1359 2110 1431 2186 Sed
1450 2112 1519 2186 ista
1539 2112 1746 2214 antiquita-

345 2238 391 2311 tis
415 2235 567 2341 vestigia
591 2234 716 2311 delere
740 2235 871 2340 religio
893 2234 985 2326 fuit,
1010 2261 1100 2310 cum
1119 2250 1279 2324 certam,
1301 2260 1420 2337 quam
1444 2260 1620 2338 sequerer
1640 2260 1747 2340 regu·

347 2360 441 2452 lam,
470 2389 551 2437 non
573 2359 762 2436 haberem.

447 2488 507 2561 De
532 2484 755 2575 Codicibus,
785 2510 806 2560 a
832 2484 1025 2589 prioribus
1047 2482 1199 2559 Salustii
1230 2482 1439 2560 editoribus
1456 2483 1627 2574 collatis,
1653 2508 1746 2586 qnos

347 2609 485 2713 passim
508 2608 676 2701 laudavi,
701 2608 832 2714 paucis
851 2635 969 2715 agam.
1003 2609 1089 2683 Non
1116 2608 1221 2683 enim
1239 2624 1295 2683 est
1315 2608 1518 2685 consilium
1537 2632 1667 2683 omnes
1683 2608 1747 2681 Sa-

349 2733 452 2809 lustii
464 2733 635 2824 Codices,
659 2734 729 2837 qui
750 2732 792 2807 in
814 2730 1057 2807 bibliothecis
1074 2747 1328 2824 asservantur,
1352 2757 1560 2821 recensere,
1585 2730 1747 2806 sedeatis

348 2856 471 2933 habeo
489 2882 549 2933 eos
569 2856 757 2947 indicare,
782 2882 949 2959 quornm
971 2855 1012 2929 in
1029 2856 1129 2930 notis
1152 2855 1388 2930 mentionem
1410 2856 1490 2930 seci.
1515 2856 1555 2954 *)

352 2981 542 3058 Glareano
556 2982 643 3058 Aldi
657 2998 695 3055 et
715 2982 803 3056 Iulii
822 2979 942 3055 Gothi
962 2982 1117 3054 Codices
1131 2978 1300 3053 subsidio
1320 2979 1478 3055 suerunt
1489 3012 1499 3074 3
1524 3006 1619 3082 quos
1640 2980 1750 3054 raris-

349 3106 442 3181 sime
466 3106 614 3195 laudat,
641 3130 777 3208 quare,
792 3104 928 3205 quanti
948 3103 1027 3177 sint
1037 3101 1424 3192 faciendi,incertum
1435 3118 1497 3177 cst
1536 3106 1751 3206 Interpre-

349 3208 547 3307 stantiores
580 3229 801 3306 1eferuntur
823 3230 920 3304 Ηίνίἰ
943 3224 1048 3312 libri,
1075 3225 1390 3330 Mersebnrgensis
1417 3240 1455 3298 et
1483 3225 1748 3316 Fabricianus,

352 3373 468 3457 quem
489 3354 600 3445 dicit,
626 3355 732 3459 quod
759 3380 780 3428 a
812 3350 989 3428 Fabricio
1010 3350 1090 3425 eius
1116 3348 1343 3453 inspiciendi
1364 3348 1473 3452 copia
1493 3348 1528 3425 ei
1557 3348 1657 3423 facta
1686 3364 1748 3426 est

392 3556 419 3632 ⁸)
441 3553 615 3613 Incredibile
633 3564 674 3613 est
689 3548 868 3627 memoratu,
891 3560 1001 3632 quanta
1013 3550 1049 3608 sit
1062 3548 1291 3609 salustianornm
1311 3545 1407 3607 Codd.
1422 3547 1518 3628 copia.
1551 3545 1639 3629 Apud
1654 3550 1749 3607 solnm

352 3660 618 3733 blonteialcouem,
639 3658 729 3736 (Dior.
746 3654 842 3721 Italic.
860 3666 888 3715 et
904 3654 1036 3736 Cotnlog.
1047 3653 1132 3731 Mas.)
1152 3654 1280 3733 amplius
1293 3662 1411 3712 centnm
1430 3652 1534 3734 viginti
1551 3662 1750 3711 numerantur.

352 3764 511 3824 Mediolani
526 3764 557 3823 in
565 3760 742 3823 bibliotheca
761 3760 950 3821 Ambrosiana
973 3758 1040 3817 ΧΠ.
1052 3757 1175 3818 Codices
1191 3768 1375 3830 sserrautur,
1395 3756 1432 3817 de
1450 3756 1555 3837 quibus
1571 3754 1632 3817 haec
1653 3756 1691 3816 ad
1710 3760 1749 3816 V.

352 3868 389 3928 D.
409 3868 554 3929 Orellium
569 3867 726 3947 perscripta
746 3877 831 3940 sunt,
853 3884 915 3945 quae
924 3903 934 3935 ,
958 3884 1016 3943 qua
1032 3865 1135 3923 essolet
1146 3859 1345 3935 humanitate,
1368 3880 1484 3920 meenm
1501 3862 1749 3923 communicarite

359 3974 397 4051 ι.)
419 3971 494 4032 Cod.
514 3970 676 4031 membran.
693 3970 836 4031 saec.X11.
855 3966 962 4029 scholis
978 3964 1210 4026 interlinearibns
1226 3964 1391 4043 adspersuss
1412 3964 1459 4024 De
1472 3964 1676 4025 eomisratione
1688 3962 1751 4024 Co-

355 4078 475 4151 tslr'nac,
498 4086 559 4135 tum
575 4077 718 4135 secundus
739 4074 811 4133 liber
827 4074 864 4133 de
883 4071 954 4131 bello
970 4080 1051 4150 gesto
1077 4068 1155 4128 inter
1171 4090 1239 4149 pop.
1261 4069 1348 4128 Rom.
1366 4090 1403 4128 cx
1420 4090 1482 4129 unc
1497 4078 1583 4150 parte
1603 4078 1631 4128 et
1652 4088 1749 4149 regem

355 4182 532 4261 Iugurtham
548 4199 585 4240 ex
600 4180 703 4239 alteru.
724 4178 840 4240 videtur
857 4178 980 4257 scriptus
997 4176 1028 4235 in
1049 4174 1195 4255 Hispaniis
1209 4183 1261 4233 aut
1271 4172 1383 4233 Galliis.
1406 4174 1445 4251 a.)
1461 4174 1537 4235 Cod.
1550 4174 1673 4234 Membr.
1686 4194 1748 4235 sec.

355 4288 436 4350 xut.
457 4284 571 4347 dnobus
587 4281 798 4347 characteribus
821 4292 968 4354 exaratus3
989 4298 1114 4361 qnorum
1133 4280 1205 4338 alter
1222 4296 1335 4351 receus3
1355 4280 1450 4339 secun
1470 4298 1577 4359 nempe
1597 4278 1664 4343 XV.
1687 4276 1751 4339 Co-
