3850 4867
1518 282 1569 379 45

155 483 252 589 regis
275 481 380 587 jussu
402 480 557 559 licentia
579 478 697 557 Codd.
722 474 969 553 examinandi
988 475 1059 552 tibi
1080 502 1252 553 concessa
1269 490 1342 567 est,
1365 474 1410 551 in
1430 473 1569 553 volun·

157 618 235 677 tate
261 598 641 677 bibliothecariorum
673 594 914 671 concilianda
942 620 1098 699 operam
1118 610 1156 669 et
1188 593 1315 668 oleum
1345 590 1567 696 perdideris.

154 716 230 793 Sed
255 717 361 793 victis
382 716 560 790 omnibus
580 710 884 800 difficultatibus,
910 738 1000 785 cum
1024 711 1180 785 tandem
1205 710 1415 813 aliquando
1441 710 1569 785 aditus

153 832 209 907 ad
226 828 499 907 bibliothecam
522 828 618 905 mihi
640 826 852 932 patefactus
870 843 981 917 esset,
1007 827 1135 901 inveni
1171 826 1287 901 libros
1322 826 1499 902 omnibus
1515 825 1569 901 fe-

154 975 216 1037 re,
240 974 336 1051 quos
359 946 487 1025 adhuc
509 970 767 1033 excusseram,
793 942 998 1019 inferiores.
1034 946 1092 1017 Ex
1118 944 1240 1018 tribus
1269 944 1570 1021 Membranaceis

152 1090 298 1167 paucas
327 1064 464 1166 probas
494 1061 673 1136 lectiones
702 1059 888 1163 excerpsi3
921 1060 1035 1135 ceteri
1064 1061 1168 1135 enim
1190 1060 1347 1135 leviores
1371 1086 1446 1137 esse
1468 1060 1571 1135 vide-

156 1178 316 1255 bantur.
357 1179 489 1279 Neque
512 1175 726 1253 accuratius
753 1201 813 1251 eos
845 1175 961 1250 libros
988 1176 1197 1251 describere
1222 1178 1377 1268 attinet,
1403 1203 1574 1279 quorum

152 1294 363 1370 auctoritas
384 1294 425 1367 in
448 1292 611 1368 Salustio
640 1291 880 1367 emendando
911 1292 1022 1366 nulla
1043 1311 1113 1369 aut
1132 1293 1316 1369 levissima
1336 1310 1400 1371 est.
1439 1291 1570 1368 Plures

152 1410 328 1486 venetiis
354 1406 446 1487 emti
476 1436 551 1485 esse
583 1408 781 1499 videntur,
807 1436 828 1484 a
852 1408 1017 1494 librariis
1045 1408 1179 1499 credo,
1204 1410 1385 1512 quicum
1416 1407 1570 1483 Salustii

151 1525 334 1602 historias
352 1527 450 1631 typis
470 1526 735 1632 exprimendas
754 1540 969 1617 curassent,
993 1524 1197 1628 pessimum
1215 1552 1407 1630 quemque
1424 1524 1570 1601 librum

151 1642 425 1719 vendiderunt.
449 1643 489 1742 a)

383 1822 682 1843 m

151 1876 191 1960 ⁴¹)
213 1879 349 1941 Praeterea
370 1880 430 1941 vidi
443 1882 578 1943 codicem
602 1882 798 1943 chartaceum
817 1881 935 1945 Salustii
953 1881 1106 1962 Cortouac,
1126 1882 1181 1944 nbi
1199 1906 1262 1945 non
1279 1887 1375 1945 solum
1391 1886 1486 1943 multa
1499 1885 1570 1945 ertia

239 1988 449 2053 monumenta,
471 2000 536 2060 que
560 1980 662 2041 adres
684 1980 817 2042 Etruscas
839 1982 1006 2059 pertinent,
1033 1982 1083 2041 sed
1107 1983 1200 2044 etiarn.
1225 1982 1321 2042 Codd.
1337 1984 1453 2062 aliquot
1475 1999 1570 2039 asser·

237 2085 353 2133 rantur.
380 2074 437 2134 Sed
460 2076 570 2135 librum
585 2077 785 2137 Salustianum
800 2099 869 2137 cum
891 2080 1016 2160 legendo
1035 2101 1253 2160 percurrerem,
1274 2100 1341 2138 eum
1357 2100 1391 2137 ex
1404 2077 1569 2136 innumeris

239 2170 300 2229 illis
321 2168 498 2251 scriptorum
518 2176 709 2254 antiquorum
734 2176 874 2255 exemplis
905 2197 965 2234 esse
991 2179 1137 2257 cognovi,
1169 2197 1296 2257 quorum
1323 2176 1354 2233 in
1379 2175 1462 2235 ltalia
1484 2194 1570 2255 mag-

238 2286 310 2325 nam
332 2270 449 2347 copiam
475 2270 612 2329 homines
641 2270 774 2331 mercede
799 2272 939 2331 conducti
962 2274 1062 2331 medio
1080 2294 1140 2333 arro
1156 2274 1343 2353 scripserunt.
1378 2270 1466 2330 Multi
1487 2272 1568 2328 enim

238 2364 375 2439 suerunt,
397 2367 447 2445 qui
468 2367 613 2427 librorum
631 2367 699 2426 Mss.
714 2378 874 2427 mercatum
894 2371 1091 2429 instituerent.
1122 2370 1197 2429 Inde
1218 2372 1327 2429 tactum
1349 2379 1406 2442 est,
1428 2378 1462 2426 ut
1478 2365 1570 2425 librass

238 2460 291 2532 rii,
320 2463 413 2543 magis
439 2464 513 2523 lucri
537 2484 627 2543 quam
653 2465 804 2522 literarum
826 2464 968 2537 studiosi,
988 2468 1091 2546 saepius
1116 2486 1223 2547 magna
1247 2467 1361 2525 incuria
1383 2462 1480 2523 Codd.
1501 2464 1570 2533 Mes,

239 2556 473 2619 transcriberent.
508 2562 614 2621 Merito
636 2561 728 2641 igitur
749 2565 788 2621 V.
814 2559 860 2627 ct.
882 2560 1016 2621 Niebuhr
1035 2562 1177 2641 judicasse
1195 2564 1326 2637 ridetur,
1347 2566 1456 2623 multos
1478 2560 1578 2636 libros

236 2651 306 2711 Mss-
326 2652 358 2713 in
377 2654 535 2715 Germania
558 2667 686 2715 exaratos
703 2660 771 2738 plus
788 2660 969 2718 auctoritatis
983 2656 1090 2719 habere
1111 2681 1200 2740 quam
1218 2661 1398 2719 Italicos-
1418 2657 1525 2719 Patavii
1535 2659 1569 2716 in

237 2748 418 2812 bibliotheca
432 2755 473 2812 St.
491 2752 613 2813 Antonii
633 2752 708 2813 duos
727 2753 822 2815 Ccdd.
843 2758 962 2815 Salustii
986 2755 1088 2817 haberi
1108 2759 1198 2816 serius
1219 2759 1363 2837 comperi.
1392 2756 1469 2815 Cum
1486 2760 1567 2816 enim

237 2846 293 2905 rub
316 2852 575 2933 Francogallorum
596 2850 721 2930 imperio
746 2849 808 2911 hacc
824 2851 1004 2913 bibliotheca
1030 2856 1185 2914 maximam
1208 2865 1322 2934 partem
1341 2855 1464 2933 disjecta
1479 2865 1568 2935 atque

237 2939 496 3022 dispersasuisset,
517 2965 637 3018 omnes,
658 2966 730 3025 quos
750 2950 1016 3030 interrogaveram,
1038 2950 1135 3009 Codd.
1151 2952 1218 3011 Mes.
1240 2954 1273 3010 in
1289 2974 1322 3011 ea
1342 2953 1463 3029 reperiri
1484 2972 1568 3031 posse

237 3053 400 3119 negarunt3
423 3042 529 3120 quibus
551 3041 642 3101 tidem
663 3040 774 3114 habui,
795 3045 877 3123 quod
896 3046 1045 3125 integrum
1070 3046 1149 3105 diem
1173 3049 1205 3105 in
1232 3046 1415 3107 bibliothecis
1432 3068 1567 3127 perscru-

246 3134 342 3193 tandis
355 3136 549 3215 perdideram.
570 3138 627 3195 Sed
642 3140 743 3217 paucis
759 3140 860 3199 diebus
877 3153 959 3221 post,
980 3142 1016 3202 V.
1031 3142 1069 3201 D.
1088 3142 1220 3218 llaehule,
1241 3146 1312 3221 juris
1329 3145 1481 3223 utriusque
1494 3142 1567 3203 dcc-

233 3238 302 3302 tor,
323 3228 408 3311 (qui,
427 3244 460 3291 ut
483 3235 556 3310 juris
571 3232 820 3313 llntejnstinianei
836 3239 1066 3299 emendatiorem
1084 3252 1167 3319 paret
1182 3242 1364 3315 editionem,
1387 3251 1481 3299 totam
1493 3238 1566 3297 Gal-

236 3327 326 3401 liam,
346 3328 520 3407 Hispaniam
537 3341 626 3408 atque
645 3332 758 3391 ltaliam
780 3336 940 3412 percurrit)
959 3337 991 3393 in
1007 3336 1206 3410 bibliotheca,
1232 3340 1344 3417 deque
1366 3348 1564 3396 memoratum

238 3432 300 3495 est,
322 3422 396 3481 duos
409 3422 692 3485 librosSalustianos
713 3428 842 3499 invenit,
864 3451 937 3510 quos
959 3432 1028 3492 Sec.
1046 3453 1086 3493 rt.
1108 3445 1138 3493 ct
1162 3455 1211 3493 ιιι.
1226 3437 1350 3514 scriptos
1367 3454 1423 3493 esse
1442 3434 1566 3511 judicat.

238 3522 375 3579 Praeterea
396 3520 488 3579 alium
504 3520 644 3581 Codicem
663 3524 767 3583 Salab
781 3524 902 3587 homine
918 3530 1044 3603 literato,
1066 3531 1250 3610 (antiquariis
1258 3533 1292 3589 iis
1304 3551 1413 3590 nomeu
1425 3527 1483 3610 est)
1492 3532 1566 3592 emit

238 3624 269 3673 et
278 3614 406 3695 lipsiam
421 3618 508 3675 misit.
529 3618 585 3677 Sed
596 3620 627 3677 in
640 3630 684 3677 tot
701 3625 882 3681 monasteriis
902 3628 1090 3706 palatiisque,
1111 3628 1242 3708 quaeadii
1261 3648 1447 3708 quorumque
1456 3626 1566 3687 biblio-

239 3708 337 3771 thecas
356 3716 563 3793 pervestigari,
583 3736 621 3774 ne
639 3718 752 3775 literam
770 3720 892 3799 quidem
908 3722 1117 3799 Salustianam,
1143 3725 1253 3785 nedum
1272 3724 1460 3785 historiarum
1488 3727 1566 3809 frag-

239 3818 361 3880 menta,
390 3830 454 3889 quac
480 3810 592 3869 alicubi
611 3812 761 3873 recondita
792 3838 851 3877 esse
871 3839 1070 3899 speraveram,
1098 3824 1208 3882 inveni.
1246 3830 1346 3903 ipsum
1367 3826 1563 3901 fragmentum

239 3900 310 3963 belli
331 3903 506 3977 Sertoriani,
528 3906 608 3985 quod
631 3914 800 3988 nuperrime
821 3916 853 3973 in
871 3915 943 3975 bibl.
968 3916 1109 3977 Vaticana
1130 3921 1283 3977 inventum
1311 3932 1372 3995 est,
1402 3923 1477 3981 Livii
1500 3942 1563 3982 non

239 3996 356 4059 Salustii
375 4022 433 4061 esse
449 4014 527 4061 recte
542 4004 657 4081 judicat
677 4002 716 4065 v:
732 4006 779 4069 Cl.
799 4009 906 4072 rimati.
955 4012 1057 4093 Neque
1079 4015 1219 4075 Monachi
1243 4019 1356 4088 Italici,
1385 4019 1467 4098 (que
1489 4021 1562 4079 olim

241 4092 457 4157 Germanorum
484 4111 573 4178 atque
594 4101 793 4165 Helvetiorum
809 4108 866 4168 tuit
879 4108 982 4189 ratio)
1002 4111 1117 4182 libros,
1140 4132 1214 4191 quos
1228 4112 1338 4173 habent
1352 4118 1488 4190 rariores,
1509 4138 1566 4177 oc-

241 4194 370 4271 cultant,
390 4192 441 4255 ted
459 4197 557 4276 potios
577 4197 616 4259 iit
628 4207 669 4257 etl
692 4205 850 4285 voluptati,
870 4208 894 4266 si
912 4204 1042 4287 habent,
1068 4208 1177 4290 quibas
1196 4212 1449 4295 peregrinantium
1474 4232 1565 4279 ccm-
