<?xml version="1.0" encoding="UTF-8"?>
<!DOCTYPE html PUBLIC "-//W3C//DTD XHTML 1.0 Transitional//EN"
    "http://www.w3.org/TR/xhtml1/DTD/xhtml1-transitional.dtd">
<html xmlns="http://www.w3.org/1999/xhtml" xml:lang="en" lang="en">
 <head>
  <title>
</title>
<meta http-equiv="Content-Type" content="text/html;charset=utf-8" />
  <meta name='ocr-system' content='tesseract 3.04.00' />
  <meta name='ocr-capabilities' content='ocr_page ocr_carea ocr_par ocr_line ocrx_word'/>
</head>
<body>
  <div class='ocr_page' id='page_1' title='image "./salustiiquaeexs01sallgoog_0265.png"; bbox 0 0 3850 4867; ppageno 0'>
   <div class='ocr_carea' id='block_1_1' title="bbox 132 311 1574 2820">
    <p class='ocr_par' dir='ltr' id='par_1_1' title="bbox 132 311 1574 2820">
     <span class='ocr_line' id='line_1_1' title="bbox 1456 311 1526 408; baseline 0 0"><span class='ocrx_word' id='word_1_1' title='bbox 1456 311 1526 408; x_wconf 73' lang='grc' dir='ltr'><strong>Ῐ69</strong></span> 
     </span>
     <span class='ocr_line' id='line_1_2' title="bbox 136 473 1525 596; baseline 0.01 -42"><span class='ocrx_word' id='word_1_2' title='bbox 136 478 241 560; x_wconf 91' lang='lat' dir='ltr'><strong>initio</strong></span> <span class='ocrx_word' id='word_1_3' title='bbox 254 483 414 572; x_wconf 78' lang='lat' dir='ltr'><strong>huiusce</strong></span> <span class='ocrx_word' id='word_1_4' title='bbox 427 487 521 572; x_wconf 87' lang='lat' dir='ltr'><strong>belli</strong></span> <span class='ocrx_word' id='word_1_5' title='bbox 540 473 679 596; x_wconf 85' lang='lat' dir='ltr'><strong>legatos</strong></span> <span class='ocrx_word' id='word_1_6' title='bbox 707 484 868 564; x_wconf 81' lang='lat' dir='ltr'><strong>Romam</strong></span> <span class='ocrx_word' id='word_1_7' title='bbox 893 490 1066 582; x_wconf 81' lang='lat' dir='ltr'><strong>miserat,</strong></span> <span class='ocrx_word' id='word_1_8' title='bbox 1092 484 1216 576; x_wconf 83' lang='lat' dir='ltr'><strong>foedus</strong></span> <span class='ocrx_word' id='word_1_9' title='bbox 1246 505 1285 564; x_wconf 91' lang='lat' dir='ltr'><strong>et</strong></span> <span class='ocrx_word' id='word_1_10' title='bbox 1314 487 1525 568; x_wconf 86' lang='lat' dir='ltr'><strong>amicitiam</strong></span> 
     </span>
     <span class='ocr_line' id='line_1_3' title="bbox 135 607 1526 722; baseline 0.005 -41"><span class='ocrx_word' id='word_1_11' title='bbox 135 607 312 708; x_wconf 78' lang='lat' dir='ltr'><strong>petitum3</strong></span> <span class='ocrx_word' id='word_1_12' title='bbox 333 641 455 722; x_wconf 74' lang='lat' dir='ltr'><strong>qaum</strong></span> <span class='ocrx_word' id='word_1_13' title='bbox 472 643 553 694; x_wconf 88' lang='lat' dir='ltr'><strong>rem</strong></span> <span class='ocrx_word' id='word_1_14' title='bbox 572 614 947 719; x_wconf 67' lang='lat' dir='ltr'><strong>opportunissumam</strong></span> <span class='ocrx_word' id='word_1_15' title='bbox 961 615 1114 718; x_wconf 87' lang='lat' dir='ltr'><strong>incepto</strong></span> <span class='ocrx_word' id='word_1_16' title='bbox 1135 612 1290 711; x_wconf 88' lang='lat' dir='ltr'><strong>(bello)</strong></span> <span class='ocrx_word' id='word_1_17' title='bbox 1320 612 1434 717; x_wconf 89' lang='lat' dir='ltr'><strong>pauci</strong></span> <span class='ocrx_word' id='word_1_18' title='bbox 1456 614 1526 688; x_wconf 82' lang='lat' dir='ltr'><strong>im-</strong></span> 
     </span>
     <span class='ocr_line' id='line_1_4' title="bbox 134 730 1527 841; baseline 0.005 -34"><span class='ocrx_word' id='word_1_19' title='bbox 134 730 370 832; x_wconf 77' lang='lat' dir='ltr'><strong>pediverant,</strong></span> <span class='ocrx_word' id='word_1_20' title='bbox 403 739 494 815; x_wconf 83' lang='lat' dir='ltr'><strong>eaeci</strong></span> <span class='ocrx_word' id='word_1_21' title='bbox 524 737 806 841; x_wconf 61' lang='lat' dir='ltr'><strong>avaritiaquis</strong></span> <span class='ocrx_word' id='word_1_22' title='bbox 838 739 968 814; x_wconf 89' lang='lat' dir='ltr'><strong>omnia</strong></span> <span class='ocrx_word' id='word_1_23' title='bbox 996 737 1154 814; x_wconf 87' lang='lat' dir='ltr'><strong>honesta</strong></span> <span class='ocrx_word' id='word_1_24' title='bbox 1167 791 1169 799; x_wconf 30' lang='grc' dir='ltr'><strong><em>ι</em></strong></span> <span class='ocrx_word' id='word_1_25' title='bbox 1184 754 1299 840; x_wconf 85' lang='lat' dir='ltr'><strong>atque</strong></span> <span class='ocrx_word' id='word_1_26' title='bbox 1325 731 1527 814; x_wconf 78' lang='lat' dir='ltr'><strong>inhonesta</strong></span> 
     </span>
     <span class='ocr_line' id='line_1_5' title="bbox 134 856 1527 967; baseline 0.003 -33"><span class='ocrx_word' id='word_1_27' title='bbox 134 856 290 936; x_wconf 77' lang='lat' dir='ltr'><strong>vendere</strong></span> <span class='ocrx_word' id='word_1_28' title='bbox 315 887 398 940; x_wconf 87' lang='lat' dir='ltr'><strong>mos</strong></span> <span class='ocrx_word' id='word_1_29' title='bbox 427 879 518 941; x_wconf 82' lang='lat' dir='ltr'><strong>erat.</strong></span> <span class='ocrx_word' id='word_1_30' title='bbox 565 862 694 938; x_wconf 88' lang='lat' dir='ltr'><strong>Etiam</strong></span> <span class='ocrx_word' id='word_1_31' title='bbox 719 877 830 937; x_wconf 79' lang='lat' dir='ltr'><strong>antea</strong></span> <span class='ocrx_word' id='word_1_32' title='bbox 846 861 1041 967; x_wconf 77' lang='lat' dir='ltr'><strong>Iugurthae</strong></span> <span class='ocrx_word' id='word_1_33' title='bbox 1066 860 1145 937; x_wconf 83' lang='lat' dir='ltr'><strong>tilia</strong></span> <span class='ocrx_word' id='word_1_34' title='bbox 1175 860 1312 938; x_wconf 86' lang='lat' dir='ltr'><strong>Bocchi</strong></span> <span class='ocrx_word' id='word_1_35' title='bbox 1337 878 1527 966; x_wconf 77' lang='lat' dir='ltr'><strong>nupserat</strong></span> 
     </span>
     <span class='ocr_line' id='line_1_6' title="bbox 133 979 1526 1090; baseline 0.007 -38"><span class='ocrx_word' id='word_1_36' title='bbox 133 979 274 1058; x_wconf 77' lang='lat' dir='ltr'><strong>verum</strong></span> <span class='ocrx_word' id='word_1_37' title='bbox 303 1011 350 1060; x_wconf 91' lang='lat' dir='ltr'><strong>ea</strong></span> <span class='ocrx_word' id='word_1_38' title='bbox 376 985 611 1068; x_wconf 81' lang='lat' dir='ltr'><strong>necessitudo</strong></span> <span class='ocrx_word' id='word_1_39' title='bbox 637 984 744 1090; x_wconf 90' lang='lat' dir='ltr'><strong>apud</strong></span> <span class='ocrx_word' id='word_1_40' title='bbox 762 985 946 1061; x_wconf 82' lang='lat' dir='ltr'><strong>Numidas</strong></span> <span class='ocrx_word' id='word_1_41' title='bbox 968 988 1197 1090; x_wconf 87' lang='lat' dir='ltr'><strong>Maurosque</strong></span> <span class='ocrx_word' id='word_1_42' title='bbox 1226 985 1316 1062; x_wconf 83' lang='lat' dir='ltr'><strong>levis</strong></span> <span class='ocrx_word' id='word_1_43' title='bbox 1344 985 1526 1074; x_wconf 81' lang='lat' dir='ltr'><strong>ducitur3</strong></span> 
     </span>
     <span class='ocr_line' id='line_1_7' title="bbox 133 1104 1570 1216; baseline 0.002 -39"><span class='ocrx_word' id='word_1_44' title='bbox 133 1104 219 1204; x_wconf 87' lang='lat' dir='ltr'><strong>quia</strong></span> <span class='ocrx_word' id='word_1_45' title='bbox 243 1107 411 1214; x_wconf 85' lang='lat' dir='ltr'><strong>singuli,</strong></span> <span class='ocrx_word' id='word_1_46' title='bbox 430 1109 654 1216; x_wconf 86' lang='lat' dir='ltr'><strong>pro-opibus</strong></span> <span class='ocrx_word' id='word_1_47' title='bbox 673 1108 853 1213; x_wconf 86' lang='lat' dir='ltr'><strong>quisque,</strong></span> <span class='ocrx_word' id='word_1_48' title='bbox 877 1137 996 1211; x_wconf 87' lang='lat' dir='ltr'><strong>quam</strong></span> <span class='ocrx_word' id='word_1_49' title='bbox 1023 1109 1208 1214; x_wconf 90' lang='lat' dir='ltr'><strong>plurimas</strong></span> <span class='ocrx_word' id='word_1_50' title='bbox 1235 1135 1386 1200; x_wconf 88' lang='lat' dir='ltr'><strong>uxores,</strong></span> <span class='ocrx_word' id='word_1_51' title='bbox 1413 1111 1529 1186; x_wconf 85' lang='lat' dir='ltr'><strong>denas</strong></span> <span class='ocrx_word' id='word_1_52' title='bbox 1568 1171 1570 1180; x_wconf 89' lang='grc'><em>,</em></span> 
     </span>
     <span class='ocr_line' id='line_1_8' title="bbox 132 1226 1530 1338; baseline 0.006 -39"><span class='ocrx_word' id='word_1_53' title='bbox 132 1226 209 1319; x_wconf 86' lang='lat' dir='ltr'><strong>alii,</strong></span> <span class='ocrx_word' id='word_1_54' title='bbox 234 1229 303 1307; x_wconf 91' lang='lat' dir='ltr'><strong>alii</strong></span> <span class='ocrx_word' id='word_1_55' title='bbox 322 1232 451 1338; x_wconf 81' lang='lat' dir='ltr'><strong>plures</strong></span> <span class='ocrx_word' id='word_1_56' title='bbox 469 1233 637 1328; x_wconf 74' lang='lat' dir='ltr'><strong>hahent,</strong></span> <span class='ocrx_word' id='word_1_57' title='bbox 661 1231 728 1308; x_wconf 88' lang='lat' dir='ltr'><strong>sed</strong></span> <span class='ocrx_word' id='word_1_58' title='bbox 743 1258 845 1337; x_wconf 80' lang='lat' dir='ltr'><strong>reges</strong></span> <span class='ocrx_word' id='word_1_59' title='bbox 866 1259 911 1309; x_wconf 90' lang='lat' dir='ltr'><strong>eo</strong></span> <span class='ocrx_word' id='word_1_60' title='bbox 927 1233 1101 1338; x_wconf 87' lang='lat' dir='ltr'><strong>amplius.</strong></span> <span class='ocrx_word' id='word_1_61' title='bbox 1157 1237 1216 1308; x_wconf 82' lang='lat' dir='ltr'><strong>Ita</strong></span> <span class='ocrx_word' id='word_1_62' title='bbox 1254 1233 1405 1309; x_wconf 90' lang='lat' dir='ltr'><strong>animus</strong></span> <span class='ocrx_word' id='word_1_63' title='bbox 1429 1233 1530 1310; x_wconf 90' lang='lat' dir='ltr'><strong>mul·</strong></span> 
     </span>
     <span class='ocr_line' id='line_1_9' title="bbox 132 1348 1527 1461; baseline 0.005 -36"><span class='ocrx_word' id='word_1_64' title='bbox 132 1348 297 1432; x_wconf 86' lang='lat' dir='ltr'><strong>titudine</strong></span> <span class='ocrx_word' id='word_1_65' title='bbox 314 1357 559 1453; x_wconf 82' lang='lat' dir='ltr'><strong>distrahitur3</strong></span> <span class='ocrx_word' id='word_1_66' title='bbox 581 1357 733 1433; x_wconf 88' lang='lat' dir='ltr'><strong>nullam</strong></span> <span class='ocrx_word' id='word_1_67' title='bbox 751 1384 822 1461; x_wconf 90' lang='lat' dir='ltr'><strong>pro</strong></span> <span class='ocrx_word' id='word_1_68' title='bbox 833 1357 934 1432; x_wconf 87' lang='lat' dir='ltr'><strong>socia</strong></span> <span class='ocrx_word' id='word_1_69' title='bbox 952 1357 1116 1432; x_wconf 82' lang='lat' dir='ltr'><strong>obtinet:</strong></span> <span class='ocrx_word' id='word_1_70' title='bbox 1134 1349 1278 1461; x_wconf 87' lang='lat' dir='ltr'><strong>pariter</strong></span> <span class='ocrx_word' id='word_1_71' title='bbox 1294 1382 1423 1434; x_wconf 82' lang='lat' dir='ltr'><strong>omnes</strong></span> <span class='ocrx_word' id='word_1_72' title='bbox 1436 1357 1527 1432; x_wconf 81' lang='lat' dir='ltr'><strong>viles</strong></span> 
     </span>
     <span class='ocr_line' id='line_1_10' title="bbox 132 1479 1574 1586; baseline -0.001 -33"><span class='ocrx_word' id='word_1_73' title='bbox 132 1493 227 1556; x_wconf 78' lang='lat' dir='ltr'><strong>tunt.</strong></span> <span class='ocrx_word' id='word_1_74' title='bbox 275 1482 402 1586; x_wconf 80' lang='lat' dir='ltr'><strong>Igitur</strong></span> <span class='ocrx_word' id='word_1_75' title='bbox 419 1483 462 1558; x_wconf 90' lang='lat' dir='ltr'><strong>in</strong></span> <span class='ocrx_word' id='word_1_76' title='bbox 483 1483 613 1559; x_wconf 90' lang='lat' dir='ltr'><strong>locum</strong></span> <span class='ocrx_word' id='word_1_77' title='bbox 638 1480 823 1556; x_wconf 86' lang='lat' dir='ltr'><strong>ambobus</strong></span> <span class='ocrx_word' id='word_1_78' title='bbox 849 1479 1036 1584; x_wconf 88' lang='lat' dir='ltr'><strong>placitum</strong></span> <span class='ocrx_word' id='word_1_79' title='bbox 1057 1480 1241 1556; x_wconf 88' lang='lat' dir='ltr'><strong>exercitus</strong></span> <span class='ocrx_word' id='word_1_80' title='bbox 1265 1482 1501 1558; x_wconf 86' lang='lat' dir='ltr'><strong>conveniunt</strong></span> <span class='ocrx_word' id='word_1_81' title='bbox 1518 1490 1574 1556; x_wconf 75' lang='lat' dir='ltr'><strong>:ar</strong></span> 
     </span>
     <span class='ocr_line' id='line_1_11' title="bbox 134 1598 1532 1712; baseline 0.006 -41"><span class='ocrx_word' id='word_1_82' title='bbox 134 1598 204 1690; x_wconf 90' lang='lat' dir='ltr'><strong>ibi,</strong></span> <span class='ocrx_word' id='word_1_83' title='bbox 222 1601 298 1680; x_wconf 84' lang='lat' dir='ltr'><strong>fide</strong></span> <span class='ocrx_word' id='word_1_84' title='bbox 316 1605 406 1682; x_wconf 87' lang='lat' dir='ltr'><strong>data</strong></span> <span class='ocrx_word' id='word_1_85' title='bbox 428 1624 466 1682; x_wconf 89' lang='lat' dir='ltr'><strong>ct</strong></span> <span class='ocrx_word' id='word_1_86' title='bbox 490 1623 664 1712; x_wconf 87' lang='lat' dir='ltr'><strong>accepta,</strong></span> <span class='ocrx_word' id='word_1_87' title='bbox 688 1601 874 1710; x_wconf 77' lang='lat' dir='ltr'><strong>Iugurtha</strong></span> <span class='ocrx_word' id='word_1_88' title='bbox 906 1602 1045 1679; x_wconf 90' lang='lat' dir='ltr'><strong>Bocchi</strong></span> <span class='ocrx_word' id='word_1_89' title='bbox 1069 1605 1244 1680; x_wconf 89' lang='lat' dir='ltr'><strong>animum</strong></span> <span class='ocrx_word' id='word_1_90' title='bbox 1269 1606 1440 1682; x_wconf 91' lang='lat' dir='ltr'><strong>oratione</strong></span> <span class='ocrx_word' id='word_1_91' title='bbox 1469 1631 1532 1680; x_wconf 87' lang='lat' dir='ltr'><strong>ac-</strong></span> 
     </span>
     <span class='ocr_line' id='line_1_12' title="bbox 134 1724 1533 1833; baseline 0.005 -36"><span class='ocrx_word' id='word_1_92' title='bbox 134 1724 279 1801; x_wconf 88' lang='lat' dir='ltr'><strong>cendit:</strong></span> <span class='ocrx_word' id='word_1_93' title='bbox 304 1730 494 1806; x_wconf 86' lang='lat' dir='ltr'><strong>Romanos</strong></span> <span class='ocrx_word' id='word_1_94' title='bbox 513 1731 687 1820; x_wconf 89' lang='lat' dir='ltr'><strong>iniustos,</strong></span> <span class='ocrx_word' id='word_1_95' title='bbox 712 1727 905 1833; x_wconf 83' lang='lat' dir='ltr'><strong>prohmda</strong></span> <span class='ocrx_word' id='word_1_96' title='bbox 925 1728 1101 1820; x_wconf 85' lang='lat' dir='ltr'><strong>avaritia,</strong></span> <span class='ocrx_word' id='word_1_97' title='bbox 1126 1729 1339 1822; x_wconf 86' lang='lat' dir='ltr'><strong>eommunis</strong></span> <span class='ocrx_word' id='word_1_98' title='bbox 1357 1727 1533 1804; x_wconf 85' lang='lat' dir='ltr'><strong>omniurn</strong></span> 
     </span>
     <span class='ocr_line' id='line_1_13' title="bbox 134 1843 1533 1956; baseline 0.004 -34"><span class='ocrx_word' id='word_1_99' title='bbox 134 1843 248 1925; x_wconf 89' lang='lat' dir='ltr'><strong>hostis</strong></span> <span class='ocrx_word' id='word_1_100' title='bbox 261 1877 360 1928; x_wconf 88' lang='lat' dir='ltr'><strong>esse:</strong></span> <span class='ocrx_word' id='word_1_101' title='bbox 382 1854 554 1930; x_wconf 91' lang='lat' dir='ltr'><strong>camdem</strong></span> <span class='ocrx_word' id='word_1_102' title='bbox 573 1854 659 1928; x_wconf 91' lang='lat' dir='ltr'><strong>illos</strong></span> <span class='ocrx_word' id='word_1_103' title='bbox 676 1878 847 1928; x_wconf 84' lang='lat' dir='ltr'><strong>caussam</strong></span> <span class='ocrx_word' id='word_1_104' title='bbox 863 1851 956 1926; x_wconf 89' lang='lat' dir='ltr'><strong>belli</strong></span> <span class='ocrx_word' id='word_1_105' title='bbox 975 1875 1065 1926; x_wconf 91' lang='lat' dir='ltr'><strong>cum</strong></span> <span class='ocrx_word' id='word_1_106' title='bbox 1080 1851 1227 1928; x_wconf 87' lang='lat' dir='ltr'><strong>Boccho</strong></span> <span class='ocrx_word' id='word_1_107' title='bbox 1244 1851 1401 1944; x_wconf 80' lang='lat' dir='ltr'><strong>hahere,</strong></span> <span class='ocrx_word' id='word_1_108' title='bbox 1413 1879 1533 1956; x_wconf 82' lang='lat' dir='ltr'><strong>quam</strong></span> 
     </span>
     <span class='ocr_line' id='line_1_14' title="bbox 134 1975 1532 2082; baseline 0.004 -36"><span class='ocrx_word' id='word_1_109' title='bbox 134 1993 259 2048; x_wconf 87' lang='lat' dir='ltr'><strong>seeum</strong></span> <span class='ocrx_word' id='word_1_110' title='bbox 275 1992 316 2051; x_wconf 90' lang='lat' dir='ltr'><strong>et</strong></span> <span class='ocrx_word' id='word_1_111' title='bbox 337 2003 427 2054; x_wconf 89' lang='lat' dir='ltr'><strong>cum</strong></span> <span class='ocrx_word' id='word_1_112' title='bbox 445 1978 528 2055; x_wconf 90' lang='lat' dir='ltr'><strong>aliis</strong></span> <span class='ocrx_word' id='word_1_113' title='bbox 546 1977 741 2082; x_wconf 88' lang='lat' dir='ltr'><strong>gentibus,</strong></span> <span class='ocrx_word' id='word_1_114' title='bbox 767 1975 982 2052; x_wconf 87' lang='lat' dir='ltr'><strong>lubidinem</strong></span> <span class='ocrx_word' id='word_1_115' title='bbox 1005 1975 1250 2080; x_wconf 82' lang='lat' dir='ltr'><strong>imperitandi</strong></span> <span class='ocrx_word' id='word_1_116' title='bbox 1267 2008 1275 2050; x_wconf 75' lang='grc' dir='ltr'><strong><em>ε</em></strong></span> <span class='ocrx_word' id='word_1_117' title='bbox 1293 1975 1381 2079; x_wconf 74' lang='lat' dir='ltr'><strong>quis</strong></span> <span class='ocrx_word' id='word_1_118' title='bbox 1403 1976 1532 2052; x_wconf 91' lang='lat' dir='ltr'><strong>omnia</strong></span> 
     </span>
     <span class='ocr_line' id='line_1_15' title="bbox 135 2097 1533 2204; baseline 0.002 -31"><span class='ocrx_word' id='word_1_119' title='bbox 135 2119 246 2198; x_wconf 70' lang='lat' dir='ltr'><strong>mgna</strong></span> <span class='ocrx_word' id='word_1_120' title='bbox 271 2099 431 2174; x_wconf 80' lang='lat' dir='ltr'><strong>advorsa</strong></span> <span class='ocrx_word' id='word_1_121' title='bbox 449 2116 563 2178; x_wconf 86' lang='lat' dir='ltr'><strong>suut:</strong></span> <span class='ocrx_word' id='word_1_122' title='bbox 590 2118 673 2176; x_wconf 89' lang='lat' dir='ltr'><strong>tum</strong></span> <span class='ocrx_word' id='word_1_123' title='bbox 692 2123 783 2189; x_wconf 86' lang='lat' dir='ltr'><strong>sese,</strong></span> <span class='ocrx_word' id='word_1_124' title='bbox 806 2099 940 2204; x_wconf 89' lang='lat' dir='ltr'><strong>paullo</strong></span> <span class='ocrx_word' id='word_1_125' title='bbox 961 2113 1050 2173; x_wconf 82' lang='lat' dir='ltr'><strong>ante</strong></span> <span class='ocrx_word' id='word_1_126' title='bbox 1071 2097 1417 2203; x_wconf 84' lang='lat' dir='ltr'><strong>Carthaginienses,</strong></span> <span class='ocrx_word' id='word_1_127' title='bbox 1440 2099 1533 2176; x_wconf 90' lang='lat' dir='ltr'><strong>item</strong></span> 
     </span>
     <span class='ocr_line' id='line_1_16' title="bbox 137 2221 1534 2328; baseline 0.004 -33"><span class='ocrx_word' id='word_1_128' title='bbox 137 2242 256 2322; x_wconf 67' lang='lat' dir='ltr'><strong>legem</strong></span> <span class='ocrx_word' id='word_1_129' title='bbox 269 2224 428 2313; x_wconf 73' lang='lat' dir='ltr'><strong>Persen,</strong></span> <span class='ocrx_word' id='word_1_130' title='bbox 451 2239 552 2328; x_wconf 87' lang='lat' dir='ltr'><strong>post,</strong></span> <span class='ocrx_word' id='word_1_131' title='bbox 577 2223 636 2298; x_wconf 92' lang='lat' dir='ltr'><strong>uti</strong></span> <span class='ocrx_word' id='word_1_132' title='bbox 653 2223 815 2326; x_wconf 87' lang='lat' dir='ltr'><strong>quisque</strong></span> <span class='ocrx_word' id='word_1_133' title='bbox 832 2221 1151 2326; x_wconf 87' lang='lat' dir='ltr'><strong>opulentissumus</strong></span> <span class='ocrx_word' id='word_1_134' title='bbox 1169 2221 1362 2314; x_wconf 84' lang='lat' dir='ltr'><strong>videatur,</strong></span> <span class='ocrx_word' id='word_1_135' title='bbox 1387 2225 1440 2297; x_wconf 92' lang='lat' dir='ltr'><strong>ita</strong></span> <span class='ocrx_word' id='word_1_136' title='bbox 1460 2225 1534 2300; x_wconf 89' lang='lat' dir='ltr'><strong>Ro·</strong></span> 
     </span>
     <span class='ocr_line' id='line_1_17' title="bbox 138 2342 1534 2453; baseline 0.006 -39"><span class='ocrx_word' id='word_1_137' title='bbox 138 2343 257 2420; x_wconf 88' lang='lat' dir='ltr'><strong>manis</strong></span> <span class='ocrx_word' id='word_1_138' title='bbox 276 2342 426 2422; x_wconf 83' lang='lat' dir='ltr'><strong>hostem</strong></span> <span class='ocrx_word' id='word_1_139' title='bbox 451 2346 540 2422; x_wconf 87' lang='lat' dir='ltr'><strong>fore.</strong></span> <span class='ocrx_word' id='word_1_140' title='bbox 573 2347 642 2421; x_wconf 87' lang='lat' dir='ltr'><strong>His</strong></span> <span class='ocrx_word' id='word_1_141' title='bbox 661 2363 777 2447; x_wconf 86' lang='lat' dir='ltr'><strong>atque</strong></span> <span class='ocrx_word' id='word_1_142' title='bbox 797 2345 881 2420; x_wconf 87' lang='lat' dir='ltr'><strong>aliis</strong></span> <span class='ocrx_word' id='word_1_143' title='bbox 901 2345 1042 2420; x_wconf 87' lang='lat' dir='ltr'><strong>talibus</strong></span> <span class='ocrx_word' id='word_1_144' title='bbox 1065 2343 1176 2419; x_wconf 86' lang='lat' dir='ltr'><strong>dictis</strong></span> <span class='ocrx_word' id='word_1_145' title='bbox 1195 2344 1246 2420; x_wconf 88' lang='lat' dir='ltr'><strong>ad</strong></span> <span class='ocrx_word' id='word_1_146' title='bbox 1267 2347 1410 2421; x_wconf 86' lang='lat' dir='ltr'><strong>Cirtam</strong></span> <span class='ocrx_word' id='word_1_147' title='bbox 1425 2347 1534 2453; x_wconf 87' lang='lat' dir='ltr'><strong>oppi-</strong></span> 
     </span>
     <span class='ocr_line' id='line_1_18' title="bbox 139 2462 1550 2574; baseline 0.005 -36"><span class='ocrx_word' id='word_1_148' title='bbox 139 2462 230 2543; x_wconf 85' lang='lat' dir='ltr'><strong>dum</strong></span> <span class='ocrx_word' id='word_1_149' title='bbox 256 2468 330 2542; x_wconf 84' lang='lat' dir='ltr'><strong>iter</strong></span> <span class='ocrx_word' id='word_1_150' title='bbox 357 2469 614 2559; x_wconf 85' lang='lat' dir='ltr'><strong>constituunt,</strong></span> <span class='ocrx_word' id='word_1_151' title='bbox 647 2469 752 2572; x_wconf 86' lang='lat' dir='ltr'><strong>quod</strong></span> <span class='ocrx_word' id='word_1_152' title='bbox 775 2469 834 2543; x_wconf 88' lang='lat' dir='ltr'><strong>ibi</strong></span> <span class='ocrx_word' id='word_1_153' title='bbox 855 2469 1029 2544; x_wconf 88' lang='lat' dir='ltr'><strong>Metellus</strong></span> <span class='ocrx_word' id='word_1_154' title='bbox 1043 2465 1213 2572; x_wconf 84' lang='lat' dir='ltr'><strong>praedam</strong></span> <span class='ocrx_word' id='word_1_155' title='bbox 1232 2470 1473 2574; x_wconf 75' lang='lat' dir='ltr'><strong>captivosque</strong></span> <span class='ocrx_word' id='word_1_156' title='bbox 1496 2486 1550 2546; x_wconf 91' lang='lat' dir='ltr'><strong>ct·</strong></span> 
     </span>
     <span class='ocr_line' id='line_1_19' title="bbox 139 2587 1536 2700; baseline 0.007 -38"><span class='ocrx_word' id='word_1_157' title='bbox 139 2587 407 2693; x_wconf 86' lang='lat' dir='ltr'><strong>impedimenta</strong></span> <span class='ocrx_word' id='word_1_158' title='bbox 434 2593 628 2669; x_wconf 85' lang='lat' dir='ltr'><strong>locaverat</strong></span> <span class='ocrx_word' id='word_1_159' title='bbox 664 2596 722 2666; x_wconf 86' lang='lat' dir='ltr'><strong>Ita</strong></span> <span class='ocrx_word' id='word_1_160' title='bbox 747 2591 931 2696; x_wconf 85' lang='lat' dir='ltr'><strong>Iugurtha</strong></span> <span class='ocrx_word' id='word_1_161' title='bbox 953 2607 1075 2680; x_wconf 88' lang='lat' dir='ltr'><strong>ratus,</strong></span> <span class='ocrx_word' id='word_1_162' title='bbox 1098 2609 1167 2667; x_wconf 90' lang='lat' dir='ltr'><strong>aut</strong></span> <span class='ocrx_word' id='word_1_163' title='bbox 1191 2607 1303 2697; x_wconf 89' lang='lat' dir='ltr'><strong>capta</strong></span> <span class='ocrx_word' id='word_1_164' title='bbox 1330 2595 1427 2670; x_wconf 90' lang='lat' dir='ltr'><strong>urhe</strong></span> <span class='ocrx_word' id='word_1_165' title='bbox 1450 2622 1536 2700; x_wconf 89' lang='lat' dir='ltr'><strong>pre·</strong></span> 
     </span>
     <span class='ocr_line' id='line_1_20' title="bbox 140 2713 1536 2820; baseline 0.007 -36"><span class='ocrx_word' id='word_1_166' title='bbox 140 2713 233 2791; x_wconf 90' lang='lat' dir='ltr'><strong>tium</strong></span> <span class='ocrx_word' id='word_1_167' title='bbox 249 2716 353 2811; x_wconf 82' lang='lat' dir='ltr'><strong>fore3</strong></span> <span class='ocrx_word' id='word_1_168' title='bbox 377 2732 445 2791; x_wconf 91' lang='lat' dir='ltr'><strong>aut</strong></span> <span class='ocrx_word' id='word_1_169' title='bbox 462 2719 493 2792; x_wconf 89' lang='lat' dir='ltr'><strong>si</strong></span> <span class='ocrx_word' id='word_1_170' title='bbox 509 2720 702 2793; x_wconf 81' lang='lat' dir='ltr'><strong>Romanus</strong></span> <span class='ocrx_word' id='word_1_171' title='bbox 719 2717 863 2792; x_wconf 83' lang='lat' dir='ltr'><strong>auxilio</strong></span> <span class='ocrx_word' id='word_1_172' title='bbox 882 2715 958 2791; x_wconf 87' lang='lat' dir='ltr'><strong>suis</strong></span> <span class='ocrx_word' id='word_1_173' title='bbox 976 2716 1152 2805; x_wconf 85' lang='lat' dir='ltr'><strong>venisset,</strong></span> <span class='ocrx_word' id='word_1_174' title='bbox 1177 2716 1309 2820; x_wconf 86' lang='lat' dir='ltr'><strong>praelio</strong></span> <span class='ocrx_word' id='word_1_175' title='bbox 1323 2744 1400 2794; x_wconf 85' lang='lat' dir='ltr'><strong>sese</strong></span> <span class='ocrx_word' id='word_1_176' title='bbox 1417 2737 1536 2796; x_wconf 88' lang='lat' dir='ltr'><strong>certa-</strong></span> 
     </span>
    </p>
   </div>
   <div class='ocr_carea' id='block_1_2' title="bbox 141 2913 1537 3498">
    <p class='ocr_par' dir='ltr' id='par_1_2' title="bbox 141 2913 1537 3498">
     <span class='ocr_line' id='line_1_21' title="bbox 141 2913 1534 2997; baseline 0.007 -29"><span class='ocrx_word' id='word_1_177' title='bbox 141 2927 239 2972; x_wconf 86' lang='lat' dir='ltr'><strong>omnes</strong></span> <span class='ocrx_word' id='word_1_178' title='bbox 249 2913 307 2974; x_wconf 78' lang='lat' dir='ltr'><strong>scre</strong></span> <span class='ocrx_word' id='word_1_179' title='bbox 322 2913 400 2976; x_wconf 87' lang='lat' dir='ltr'><strong>libri.</strong></span> <span class='ocrx_word' id='word_1_180' title='bbox 420 2913 534 2976; x_wconf 78' lang='lat' dir='ltr'><strong>Bocchi</strong></span> <span class='ocrx_word' id='word_1_181' title='bbox 550 2917 650 2980; x_wconf 86' lang='lat' dir='ltr'><strong>Vinar.</strong></span> <span class='ocrx_word' id='word_1_182' title='bbox 663 2937 690 2976; x_wconf 86' lang='lat'><strong>2.</strong></span> <span class='ocrx_word' id='word_1_183' title='bbox 709 2916 813 2976; x_wconf 86' lang='lat' dir='ltr'><strong>Franc.</strong></span> <span class='ocrx_word' id='word_1_184' title='bbox 832 2919 917 2976; x_wconf 88' lang='lat' dir='ltr'><strong>Vrat.</strong></span> <span class='ocrx_word' id='word_1_185' title='bbox 930 2914 959 2980; x_wconf 84' lang='lat'><strong>3.</strong></span> <span class='ocrx_word' id='word_1_186' title='bbox 980 2917 1040 2976; x_wconf 89' lang='lat' dir='ltr'><strong>inc.</strong></span> <span class='ocrx_word' id='word_1_187' title='bbox 1052 2937 1076 2978; x_wconf 90' lang='grc' dir='ltr'><strong>ι.</strong></span> <span class='ocrx_word' id='word_1_188' title='bbox 1096 2917 1163 2977; x_wconf 88' lang='lat' dir='ltr'><strong>Ecc.</strong></span> <span class='ocrx_word' id='word_1_189' title='bbox 1190 2913 1287 2976; x_wconf 82' lang='lat' dir='ltr'><strong>Guell.</strong></span> <span class='ocrx_word' id='word_1_190' title='bbox 1298 2916 1328 2988; x_wconf 74' lang='grc'><strong>4.</strong></span> <span class='ocrx_word' id='word_1_191' title='bbox 1340 2939 1367 2997; x_wconf 88' lang='lat'><strong>7.</strong></span> <span class='ocrx_word' id='word_1_192' title='bbox 1381 2938 1412 2996; x_wconf 83' lang='lat'><strong>9.</strong></span> <span class='ocrx_word' id='word_1_193' title='bbox 1428 2939 1473 2977; x_wconf 90' lang='grc' dir='ltr'><strong>ιο.</strong></span> <span class='ocrx_word' id='word_1_194' title='bbox 1489 2939 1534 2978; x_wconf 90' lang='grc' dir='ltr'><strong>ιι.</strong></span> 
     </span>
     <span class='ocr_line' id='line_1_22' title="bbox 141 3011 1535 3100; baseline 0.008 -27"><span class='ocrx_word' id='word_1_195' title='bbox 141 3011 217 3076; x_wconf 69' lang='lat' dir='ltr'><strong>laid.</strong></span> <span class='ocrx_word' id='word_1_196' title='bbox 228 3040 255 3079; x_wconf 91' lang='lat' dir='ltr'><strong>c.</strong></span> <span class='ocrx_word' id='word_1_197' title='bbox 267 3020 289 3078; x_wconf 83' lang='lat' dir='ltr'><strong>f.</strong></span> <span class='ocrx_word' id='word_1_198' title='bbox 301 3017 333 3078; x_wconf 79' lang='lat' dir='ltr'><strong>lt.</strong></span> <span class='ocrx_word' id='word_1_199' title='bbox 345 3023 365 3079; x_wconf 91' lang='lat' dir='ltr'><strong>i.</strong></span> <span class='ocrx_word' id='word_1_200' title='bbox 381 3021 409 3080; x_wconf 80' lang='lat' dir='ltr'><strong>k.</strong></span> <span class='ocrx_word' id='word_1_201' title='bbox 421 3043 461 3080; x_wconf 91' lang='lat' dir='ltr'><strong>m.</strong></span> <span class='ocrx_word' id='word_1_202' title='bbox 474 3042 505 3081; x_wconf 87' lang='lat' dir='ltr'><strong>n.</strong></span> <span class='ocrx_word' id='word_1_203' title='bbox 526 3021 651 3082; x_wconf 77' lang='lat' dir='ltr'><strong>Paria-c.</strong></span> <span class='ocrx_word' id='word_1_204' title='bbox 664 3021 695 3084; x_wconf 91' lang='lat' dir='ltr'><strong>d.</strong></span> <span class='ocrx_word' id='word_1_205' title='bbox 715 3021 784 3099; x_wconf 71' lang='lat' dir='ltr'><strong>qur&#39;rr</strong></span> <span class='ocrx_word' id='word_1_206' title='bbox 799 3021 909 3100; x_wconf 77' lang='lat' dir='ltr'><strong>singuli</strong></span> <span class='ocrx_word' id='word_1_207' title='bbox 927 3020 1024 3080; x_wconf 82' lang='lat' dir='ltr'><strong>Guell.</strong></span> <span class='ocrx_word' id='word_1_208' title='bbox 1041 3043 1066 3080; x_wconf 88' lang='lat' dir='ltr'><strong>r.</strong></span> <span class='ocrx_word' id='word_1_209' title='bbox 1082 3021 1110 3084; x_wconf 83' lang='lat'><strong>3.</strong></span> <span class='ocrx_word' id='word_1_210' title='bbox 1131 3018 1219 3080; x_wconf 76' lang='lat' dir='ltr'><strong>head.</strong></span> <span class='ocrx_word' id='word_1_211' title='bbox 1241 3021 1300 3080; x_wconf 87' lang='lat' dir='ltr'><strong>inc.</strong></span> <span class='ocrx_word' id='word_1_212' title='bbox 1310 3041 1337 3079; x_wconf 79' lang='grc' dir='ltr'><strong>ι.</strong></span> <span class='ocrx_word' id='word_1_213' title='bbox 1356 3021 1396 3078; x_wconf 86' lang='lat' dir='ltr'><strong>ita</strong></span> <span class='ocrx_word' id='word_1_214' title='bbox 1413 3021 1535 3088; x_wconf 83' lang='lat' dir='ltr'><strong>Harerc.</strong></span> 
     </span>
     <span class='ocr_line' id='line_1_23' title="bbox 141 3119 1536 3206; baseline 0.004 -28"><span class='ocrx_word' id='word_1_215' title='bbox 141 3129 168 3178; x_wconf 86' lang='lat' dir='ltr'><strong>ct</strong></span> <span class='ocrx_word' id='word_1_216' title='bbox 176 3140 278 3183; x_wconf 83' lang='lat' dir='ltr'><strong>omues</strong></span> <span class='ocrx_word' id='word_1_217' title='bbox 290 3123 370 3184; x_wconf 76' lang='lat' dir='ltr'><strong>leid.</strong></span> <span class='ocrx_word' id='word_1_218' title='bbox 386 3125 500 3205; x_wconf 76' lang='lat' dir='ltr'><strong>(prater</strong></span> <span class='ocrx_word' id='word_1_219' title='bbox 513 3127 533 3184; x_wconf 86' lang='lat' dir='ltr'><strong>i.</strong></span> <span class='ocrx_word' id='word_1_220' title='bbox 555 3127 606 3206; x_wconf 92' lang='lat' dir='ltr'><strong>qui</strong></span> <span class='ocrx_word' id='word_1_221' title='bbox 622 3125 694 3204; x_wconf 82' lang='lat' dir='ltr'><strong>quid</strong></span> <span class='ocrx_word' id='word_1_222' title='bbox 703 3123 813 3203; x_wconf 85' lang='lat' dir='ltr'><strong>habet.)</strong></span> <span class='ocrx_word' id='word_1_223' title='bbox 834 3125 896 3184; x_wconf 83' lang='lat' dir='ltr'><strong>Bas.</strong></span> <span class='ocrx_word' id='word_1_224' title='bbox 915 3146 941 3184; x_wconf 83' lang='lat'><strong>1.</strong></span> <span class='ocrx_word' id='word_1_225' title='bbox 962 3124 1047 3184; x_wconf 88' lang='lat' dir='ltr'><strong>Bern.</strong></span> <span class='ocrx_word' id='word_1_226' title='bbox 1058 3126 1087 3185; x_wconf 81' lang='lat'><strong>3.</strong></span> <span class='ocrx_word' id='word_1_227' title='bbox 1108 3119 1187 3204; x_wconf 80' lang='lat' dir='ltr'><strong>quod</strong></span> <span class='ocrx_word' id='word_1_228' title='bbox 1202 3127 1300 3204; x_wconf 83' lang='lat' dir='ltr'><strong>plures</strong></span> <span class='ocrx_word' id='word_1_229' title='bbox 1311 3123 1403 3182; x_wconf 78' lang='lat' dir='ltr'><strong>Cottii</strong></span> <span class='ocrx_word' id='word_1_230' title='bbox 1412 3129 1536 3184; x_wconf 75' lang='lat' dir='ltr'><strong>omnei-</strong></span> 
     </span>
     <span class='ocr_line' id='line_1_24' title="bbox 142 3225 1536 3309; baseline 0.003 -25"><span class='ocrx_word' id='word_1_231' title='bbox 142 3243 196 3303; x_wconf 84' lang='lat' dir='ltr'><strong>que</strong></span> <span class='ocrx_word' id='word_1_232' title='bbox 208 3227 287 3288; x_wconf 80' lang='lat' dir='ltr'><strong>ltivii</strong></span> <span class='ocrx_word' id='word_1_233' title='bbox 304 3230 439 3288; x_wconf 84' lang='lat' dir='ltr'><strong>retinent.</strong></span> <span class='ocrx_word' id='word_1_234' title='bbox 457 3249 513 3309; x_wconf 85' lang='lat' dir='ltr'><strong>pro</strong></span> <span class='ocrx_word' id='word_1_235' title='bbox 530 3229 628 3309; x_wconf 85' lang='lat' dir='ltr'><strong>opibus</strong></span> <span class='ocrx_word' id='word_1_236' title='bbox 642 3228 744 3309; x_wconf 77' lang='lat' dir='ltr'><strong>quique</strong></span> <span class='ocrx_word' id='word_1_237' title='bbox 756 3230 853 3294; x_wconf 80' lang='lat' dir='ltr'><strong>Guelf.</strong></span> <span class='ocrx_word' id='word_1_238' title='bbox 867 3230 896 3290; x_wconf 80' lang='lat'><strong>3.</strong></span> <span class='ocrx_word' id='word_1_239' title='bbox 926 3230 1053 3288; x_wconf 80' lang='lat' dir='ltr'><strong>habeant</strong></span> <span class='ocrx_word' id='word_1_240' title='bbox 1077 3227 1190 3287; x_wconf 83' lang='lat' dir='ltr'><strong>Fabric.</strong></span> <span class='ocrx_word' id='word_1_241' title='bbox 1214 3247 1239 3285; x_wconf 90' lang='grc' dir='ltr'><strong>ι.</strong></span> <span class='ocrx_word' id='word_1_242' title='bbox 1258 3225 1327 3308; x_wconf 80' lang='lat' dir='ltr'><strong>Teg.</strong></span> <span class='ocrx_word' id='word_1_243' title='bbox 1348 3225 1536 3288; x_wconf 75' lang='lat' dir='ltr'><strong>multitudine</strong></span> 
     </span>
     <span class='ocr_line' id='line_1_25' title="bbox 142 3329 1537 3406; baseline 0.001 -16"><span class='ocrx_word' id='word_1_244' title='bbox 142 3329 256 3392; x_wconf 68' lang='lat' dir='ltr'><strong>aumas</strong></span> <span class='ocrx_word' id='word_1_245' title='bbox 272 3332 450 3393; x_wconf 59' lang='lat' dir='ltr'><strong>duratur</strong></span> <span class='ocrx_word' id='word_1_246' title='bbox 468 3332 554 3393; x_wconf 81' lang='lat' dir='ltr'><strong>Febr.</strong></span> <span class='ocrx_word' id='word_1_247' title='bbox 572 3356 599 3399; x_wconf 86' lang='grc' dir='ltr'><strong>ι.</strong></span> <span class='ocrx_word' id='word_1_248' title='bbox 620 3335 704 3394; x_wconf 71' lang='lat' dir='ltr'><strong>milla</strong></span> <span class='ocrx_word' id='word_1_249' title='bbox 724 3335 819 3395; x_wconf 81' lang='lat' dir='ltr'><strong>Guoll.</strong></span> <span class='ocrx_word' id='word_1_250' title='bbox 837 3356 882 3393; x_wconf 87' lang='grc' dir='ltr'><strong>ιι.</strong></span> <span class='ocrx_word' id='word_1_251' title='bbox 903 3338 979 3401; x_wconf 74' lang='lat' dir='ltr'><strong>uuus</strong></span> <span class='ocrx_word' id='word_1_252' title='bbox 993 3333 1111 3406; x_wconf 55' lang='lat' dir='ltr'><strong>Wadi,</strong></span> <span class='ocrx_word' id='word_1_253' title='bbox 1130 3335 1171 3392; x_wconf 84' lang='lat' dir='ltr'><strong>ita</strong></span> <span class='ocrx_word' id='word_1_254' title='bbox 1185 3331 1286 3392; x_wconf 82' lang='lat' dir='ltr'><strong>Canio</strong></span> <span class='ocrx_word' id='word_1_255' title='bbox 1299 3340 1328 3390; x_wconf 85' lang='lat' dir='ltr'><strong>et</strong></span> <span class='ocrx_word' id='word_1_256' title='bbox 1342 3329 1458 3392; x_wconf 83' lang='lat' dir='ltr'><strong>Gortius</strong></span> <span class='ocrx_word' id='word_1_257' title='bbox 1469 3331 1537 3392; x_wconf 78' lang='lat' dir='ltr'><strong>edi·</strong></span> 
     </span>
     <span class='ocr_line' id='line_1_26' title="bbox 143 3433 807 3498; baseline 0.006 -5"><span class='ocrx_word' id='word_1_258' title='bbox 143 3433 252 3495; x_wconf 88' lang='lat' dir='ltr'><strong>derant.</strong></span> <span class='ocrx_word' id='word_1_259' title='bbox 273 3436 402 3497; x_wconf 69' lang='lat' dir='ltr'><strong>obturent</strong></span> <span class='ocrx_word' id='word_1_260' title='bbox 423 3438 512 3498; x_wconf 73' lang='lat' dir='ltr'><strong>lead.</strong></span> <span class='ocrx_word' id='word_1_261' title='bbox 533 3440 629 3498; x_wconf 61' lang='lat' dir='ltr'><strong>inca.</strong></span> <span class='ocrx_word' id='word_1_262' title='bbox 651 3438 746 3497; x_wconf 85' lang='lat' dir='ltr'><strong>Guell.</strong></span> <span class='ocrx_word' id='word_1_263' title='bbox 761 3459 807 3497; x_wconf 86' lang='grc' dir='ltr'><strong>ιο.</strong></span> 
     </span>
    </p>
   </div>
   <div class='ocr_carea' id='block_1_3' title="bbox 143 3561 1577 4280">
    <p class='ocr_par' dir='ltr' id='par_1_3' title="bbox 143 3561 1577 4280">
     <span class='ocr_line' id='line_1_27' title="bbox 223 3561 1577 3646; baseline 0.002 -21"><span class='ocrx_word' id='word_1_264' title='bbox 223 3562 296 3646; x_wconf 85' lang='lat' dir='ltr'><strong>Cup.</strong></span> <span class='ocrx_word' id='word_1_265' title='bbox 312 3567 361 3627; x_wconf 75' lang='lat'><strong>82.</strong></span> <span class='ocrx_word' id='word_1_266' title='bbox 390 3567 554 3628; x_wconf 81' lang='lat' dir='ltr'><strong>eommunis</strong></span> <span class='ocrx_word' id='word_1_267' title='bbox 579 3568 711 3627; x_wconf 80' lang='lat' dir='ltr'><strong>omrrium</strong></span> <span class='ocrx_word' id='word_1_268' title='bbox 733 3568 902 3629; x_wconf 73' lang='lat' dir='ltr'><strong>hestiaeus</strong></span> <span class='ocrx_word' id='word_1_269' title='bbox 926 3563 1063 3626; x_wconf 70' lang='lat' dir='ltr'><strong>ceals.</strong></span> <span class='ocrx_word' id='word_1_270' title='bbox 1091 3561 1251 3626; x_wconf 82' lang='lat' dir='ltr'><strong>lubidinem</strong></span> <span class='ocrx_word' id='word_1_271' title='bbox 1267 3563 1379 3638; x_wconf 76' lang='lat' dir='ltr'><strong>Fabiis.</strong></span> <span class='ocrx_word' id='word_1_272' title='bbox 1395 3587 1420 3625; x_wconf 90' lang='grc' dir='ltr'><strong>ι.</strong></span> <span class='ocrx_word' id='word_1_273' title='bbox 1436 3563 1537 3628; x_wconf 78' lang='lat' dir='ltr'><strong>Senat.</strong></span> <span class='ocrx_word' id='word_1_274' title='bbox 1574 3601 1577 3606; x_wconf 26' lang='grc' dir='ltr'><strong>Δ</strong></span> 
     </span>
     <span class='ocr_line' id='line_1_28' title="bbox 143 3666 1538 3754; baseline 0.004 -28"><span class='ocrx_word' id='word_1_275' title='bbox 143 3666 241 3731; x_wconf 84' lang='lat' dir='ltr'><strong>Heuss.</strong></span> <span class='ocrx_word' id='word_1_276' title='bbox 261 3669 358 3731; x_wconf 79' lang='lat' dir='ltr'><strong>Guell.</strong></span> <span class='ocrx_word' id='word_1_277' title='bbox 373 3693 398 3731; x_wconf 92' lang='grc' dir='ltr'><strong>ι.</strong></span> <span class='ocrx_word' id='word_1_278' title='bbox 411 3693 438 3736; x_wconf 87' lang='lat'><strong>2.</strong></span> <span class='ocrx_word' id='word_1_279' title='bbox 452 3693 497 3731; x_wconf 81' lang='grc' dir='ltr'><strong>ιι.</strong></span> <span class='ocrx_word' id='word_1_280' title='bbox 519 3673 579 3732; x_wconf 90' lang='lat' dir='ltr'><strong>duo</strong></span> <span class='ocrx_word' id='word_1_281' title='bbox 590 3675 685 3748; x_wconf 83' lang='lat' dir='ltr'><strong>hirii,</strong></span> <span class='ocrx_word' id='word_1_282' title='bbox 704 3675 817 3754; x_wconf 85' lang='lat' dir='ltr'><strong>aliquot</strong></span> <span class='ocrx_word' id='word_1_283' title='bbox 826 3674 940 3734; x_wconf 83' lang='lat' dir='ltr'><strong>Wassii.</strong></span> <span class='ocrx_word' id='word_1_284' title='bbox 958 3673 1056 3732; x_wconf 84' lang='lat' dir='ltr'><strong>Turis.</strong></span> <span class='ocrx_word' id='word_1_285' title='bbox 1082 3667 1202 3729; x_wconf 78' lang='lat' dir='ltr'><strong>libidine</strong></span> <span class='ocrx_word' id='word_1_286' title='bbox 1230 3669 1326 3731; x_wconf 84' lang='lat' dir='ltr'><strong>ceteri.</strong></span> <span class='ocrx_word' id='word_1_287' title='bbox 1355 3667 1417 3730; x_wconf 78' lang='lat' dir='ltr'><strong>Bas.</strong></span> <span class='ocrx_word' id='word_1_288' title='bbox 1433 3692 1458 3730; x_wconf 90' lang='grc' dir='ltr'><strong>ι.</strong></span> <span class='ocrx_word' id='word_1_289' title='bbox 1478 3675 1538 3732; x_wconf 59' lang='lat' dir='ltr'><strong>aa</strong></span> 
     </span>
     <span class='ocr_line' id='line_1_29' title="bbox 143 3771 1539 3859; baseline 0.003 -25"><span class='ocrx_word' id='word_1_290' title='bbox 143 3793 227 3838; x_wconf 74' lang='lat' dir='ltr'><strong>vorsu</strong></span> <span class='ocrx_word' id='word_1_291' title='bbox 242 3785 309 3836; x_wconf 81' lang='lat' dir='ltr'><strong>sunt</strong></span> <span class='ocrx_word' id='word_1_292' title='bbox 327 3775 390 3836; x_wconf 84' lang='lat' dir='ltr'><strong>Bas.</strong></span> <span class='ocrx_word' id='word_1_293' title='bbox 406 3798 431 3835; x_wconf 91' lang='grc' dir='ltr'><strong>ι.</strong></span> <span class='ocrx_word' id='word_1_294' title='bbox 452 3779 553 3837; x_wconf 82' lang='lat' dir='ltr'><strong>insert.</strong></span> <span class='ocrx_word' id='word_1_295' title='bbox 573 3778 640 3842; x_wconf 81' lang='lat' dir='ltr'><strong>Eoo.</strong></span> <span class='ocrx_word' id='word_1_296' title='bbox 661 3776 757 3838; x_wconf 84' lang='lat' dir='ltr'><strong>Guels.</strong></span> <span class='ocrx_word' id='word_1_297' title='bbox 770 3778 798 3837; x_wconf 89' lang='grc'><strong>6.</strong></span> <span class='ocrx_word' id='word_1_298' title='bbox 812 3800 840 3859; x_wconf 89' lang='lat'><strong>7.</strong></span> <span class='ocrx_word' id='word_1_299' title='bbox 856 3798 901 3836; x_wconf 91' lang='grc' dir='ltr'><strong>ιι.</strong></span> <span class='ocrx_word' id='word_1_300' title='bbox 918 3797 963 3836; x_wconf 80' lang='lat' dir='ltr'><strong>ra.</strong></span> <span class='ocrx_word' id='word_1_301' title='bbox 987 3784 1051 3834; x_wconf 81' lang='lat' dir='ltr'><strong>tum</strong></span> <span class='ocrx_word' id='word_1_302' title='bbox 1070 3791 1126 3834; x_wconf 84' lang='lat' dir='ltr'><strong>sese</strong></span> <span class='ocrx_word' id='word_1_303' title='bbox 1144 3774 1291 3850; x_wconf 75' lang='lat' dir='ltr'><strong>insenum</strong></span> <span class='ocrx_word' id='word_1_304' title='bbox 1309 3774 1394 3834; x_wconf 86' lang='lat' dir='ltr'><strong>Bern.</strong></span> <span class='ocrx_word' id='word_1_305' title='bbox 1410 3793 1439 3835; x_wconf 85' lang='grc' dir='ltr'><strong>ἰ.</strong></span> <span class='ocrx_word' id='word_1_306' title='bbox 1459 3771 1539 3838; x_wconf 64' lang='lat' dir='ltr'><strong>dieu</strong></span> 
     </span>
     <span class='ocr_line' id='line_1_30' title="bbox 144 3863 1536 3965; baseline -0.003 -22"><span class='ocrx_word' id='word_1_307' title='bbox 144 3877 289 3958; x_wconf 58' lang='lat' dir='ltr'><strong>imnum</strong></span> <span class='ocrx_word' id='word_1_308' title='bbox 306 3883 398 3962; x_wconf 82' lang='lat' dir='ltr'><strong>poulo</strong></span> <span class='ocrx_word' id='word_1_309' title='bbox 416 3881 485 3946; x_wconf 86' lang='lat' dir='ltr'><strong>Tur.</strong></span> <span class='ocrx_word' id='word_1_310' title='bbox 516 3863 625 3944; x_wconf 74' lang='lat' dir='ltr'><strong>Persen</strong></span> <span class='ocrx_word' id='word_1_311' title='bbox 637 3901 743 3965; x_wconf 75' lang='lat' dir='ltr'><strong>regem.</strong></span> <span class='ocrx_word' id='word_1_312' title='bbox 764 3879 877 3941; x_wconf 82' lang='lat' dir='ltr'><strong>Fabric.</strong></span> <span class='ocrx_word' id='word_1_313' title='bbox 891 3901 916 3939; x_wconf 93' lang='lat'><strong>1.</strong></span> <span class='ocrx_word' id='word_1_314' title='bbox 934 3879 1005 3961; x_wconf 83' lang='lat' dir='ltr'><strong>Teg.</strong></span> <span class='ocrx_word' id='word_1_315' title='bbox 1024 3878 1178 3940; x_wconf 72' lang='lat' dir='ltr'><strong>videbcutr</strong></span> <span class='ocrx_word' id='word_1_316' title='bbox 1196 3880 1280 3945; x_wconf 80' lang='lat' dir='ltr'><strong>Rern.</strong></span> <span class='ocrx_word' id='word_1_317' title='bbox 1294 3901 1321 3946; x_wconf 80' lang='lat' dir='ltr'><strong>a.</strong></span> <span class='ocrx_word' id='word_1_318' title='bbox 1338 3879 1436 3945; x_wconf 63' lang='lat' dir='ltr'><strong>inca.</strong></span> <span class='ocrx_word' id='word_1_319' title='bbox 1455 3881 1536 3942; x_wconf 79' lang='lat' dir='ltr'><strong>Vrat.</strong></span> 
     </span>
     <span class='ocr_line' id='line_1_31' title="bbox 148 3983 1538 4069; baseline 0.001 -25"><span class='ocrx_word' id='word_1_320' title='bbox 148 4003 174 4045; x_wconf 81' lang='lat' dir='ltr'><strong>a.</strong></span> <span class='ocrx_word' id='word_1_321' title='bbox 192 3989 296 4053; x_wconf 85' lang='lat' dir='ltr'><strong>Vinar.</strong></span> <span class='ocrx_word' id='word_1_322' title='bbox 309 4007 336 4053; x_wconf 82' lang='lat' dir='ltr'><strong>a.</strong></span> <span class='ocrx_word' id='word_1_323' title='bbox 356 3986 437 4046; x_wconf 72' lang='lat' dir='ltr'><strong>Laid.</strong></span> <span class='ocrx_word' id='word_1_324' title='bbox 448 3986 478 4046; x_wconf 87' lang='lat' dir='ltr'><strong>b.</strong></span> <span class='ocrx_word' id='word_1_325' title='bbox 493 4008 520 4048; x_wconf 94' lang='lat' dir='ltr'><strong>c.</strong></span> <span class='ocrx_word' id='word_1_326' title='bbox 533 4009 563 4069; x_wconf 88' lang='lat' dir='ltr'><strong>g.</strong></span> <span class='ocrx_word' id='word_1_327' title='bbox 583 3986 683 4058; x_wconf 69' lang='lat' dir='ltr'><strong>haul.</strong></span> <span class='ocrx_word' id='word_1_328' title='bbox 700 3985 883 4065; x_wconf 64' lang='lat' dir='ltr'><strong>adiutusque</strong></span> <span class='ocrx_word' id='word_1_329' title='bbox 901 3985 969 4044; x_wconf 83' lang='lat' dir='ltr'><strong>Seu.</strong></span> <span class='ocrx_word' id='word_1_330' title='bbox 982 4005 1007 4043; x_wconf 93' lang='grc' dir='ltr'><strong>ι.</strong></span> <span class='ocrx_word' id='word_1_331' title='bbox 1023 3985 1090 4046; x_wconf 81' lang='lat' dir='ltr'><strong>Ere.</strong></span> <span class='ocrx_word' id='word_1_332' title='bbox 1107 3983 1189 4046; x_wconf 79' lang='lat' dir='ltr'><strong>Vrat.</strong></span> <span class='ocrx_word' id='word_1_333' title='bbox 1199 3999 1227 4042; x_wconf 87' lang='grc' dir='ltr'><strong>ι.</strong></span> <span class='ocrx_word' id='word_1_334' title='bbox 1248 3983 1345 4045; x_wconf 79' lang='lat' dir='ltr'><strong>Guell.</strong></span> <span class='ocrx_word' id='word_1_335' title='bbox 1360 4007 1385 4046; x_wconf 93' lang='grc' dir='ltr'><strong>ι.</strong></span> <span class='ocrx_word' id='word_1_336' title='bbox 1400 3983 1474 4068; x_wconf 78' lang='lat' dir='ltr'><strong>Teg.</strong></span> <span class='ocrx_word' id='word_1_337' title='bbox 1499 3987 1538 4066; x_wconf 84' lang='lat' dir='ltr'><strong>Q.</strong></span> 
     </span>
     <span class='ocr_line' id='line_1_32' title="bbox 146 4086 1536 4175; baseline 0.001 -26"><span class='ocrx_word' id='word_1_338' title='bbox 146 4086 275 4152; x_wconf 75' lang='lat' dir='ltr'><strong>Metellus</strong></span> <span class='ocrx_word' id='word_1_339' title='bbox 283 4091 424 4175; x_wconf 81' lang='lat' dir='ltr'><strong>I&#39;eg.Bas.</strong></span> <span class='ocrx_word' id='word_1_340' title='bbox 440 4113 465 4150; x_wconf 85' lang='lat'><strong>1.</strong></span> <span class='ocrx_word' id='word_1_341' title='bbox 477 4090 505 4162; x_wconf 63' lang='lat' dir='ltr'><strong>A.</strong></span> <span class='ocrx_word' id='word_1_342' title='bbox 526 4091 596 4151; x_wconf 86' lang='lat' dir='ltr'><strong>Tur.</strong></span> <span class='ocrx_word' id='word_1_343' title='bbox 613 4089 698 4150; x_wconf 86' lang='lat' dir='ltr'><strong>Bem.</strong></span> <span class='ocrx_word' id='word_1_344' title='bbox 716 4112 740 4148; x_wconf 92' lang='grc' dir='ltr'><strong>ι.</strong></span> <span class='ocrx_word' id='word_1_345' title='bbox 751 4095 780 4152; x_wconf 77' lang='lat'><strong>3.</strong></span> <span class='ocrx_word' id='word_1_346' title='bbox 800 4088 1096 4170; x_wconf 77' lang='lat' dir='ltr'><strong>ruptuurbspretium</strong></span> <span class='ocrx_word' id='word_1_347' title='bbox 1105 4089 1184 4165; x_wconf 67' lang='lat' dir='ltr'><strong>jore·</strong></span> <span class='ocrx_word' id='word_1_348' title='bbox 1197 4087 1259 4149; x_wconf 90' lang='lat' dir='ltr'><strong>Bas.</strong></span> <span class='ocrx_word' id='word_1_349' title='bbox 1271 4109 1298 4152; x_wconf 85' lang='grc' dir='ltr'><strong>ι.</strong></span> <span class='ocrx_word' id='word_1_350' title='bbox 1319 4089 1445 4150; x_wconf 82' lang='lat' dir='ltr'><strong>Manutii</strong></span> <span class='ocrx_word' id='word_1_351' title='bbox 1457 4090 1536 4164; x_wconf 83' lang='lat' dir='ltr'><strong>libri,</strong></span> 
     </span>
     <span class='ocr_line' id='line_1_33' title="bbox 146 4191 1536 4280; baseline 0.001 -26"><span class='ocrx_word' id='word_1_352' title='bbox 146 4199 240 4276; x_wconf 81' lang='lat' dir='ltr'><strong>plures</strong></span> <span class='ocrx_word' id='word_1_353' title='bbox 254 4197 341 4263; x_wconf 72' lang='lat' dir='ltr'><strong>nivii.</strong></span> <span class='ocrx_word' id='word_1_354' title='bbox 355 4217 450 4280; x_wconf 76' lang='lat' dir='ltr'><strong>epm</strong></span> <span class='ocrx_word' id='word_1_355' title='bbox 462 4200 548 4260; x_wconf 80' lang='lat' dir='ltr'><strong>ceteri</strong></span> <span class='ocrx_word' id='word_1_356' title='bbox 558 4195 682 4258; x_wconf 79' lang='lat' dir='ltr'><strong>addunt.</strong></span> <span class='ocrx_word' id='word_1_357' title='bbox 696 4195 760 4256; x_wconf 74' lang='lat' dir='ltr'><strong>dux</strong></span> <span class='ocrx_word' id='word_1_358' title='bbox 769 4195 928 4256; x_wconf 69' lang='lat' dir='ltr'><strong>Romamn</strong></span> <span class='ocrx_word' id='word_1_359' title='bbox 939 4194 1000 4254; x_wconf 81' lang='lat' dir='ltr'><strong>Bas.</strong></span> <span class='ocrx_word' id='word_1_360' title='bbox 1010 4215 1037 4254; x_wconf 82' lang='grc' dir='ltr'><strong>ι.</strong></span> <span class='ocrx_word' id='word_1_361' title='bbox 1048 4195 1077 4266; x_wconf 72' lang='lat' dir='ltr'><strong>l.</strong></span> <span class='ocrx_word' id='word_1_362' title='bbox 1098 4193 1170 4253; x_wconf 74' lang='lat' dir='ltr'><strong>Rern</strong></span> <span class='ocrx_word' id='word_1_363' title='bbox 1178 4237 1185 4253; x_wconf 90' lang='lat'><em>.</em></span> <span class='ocrx_word' id='word_1_364' title='bbox 1193 4192 1243 4256; x_wconf 78' lang='lat' dir='ltr'><strong>Ae.</strong></span> <span class='ocrx_word' id='word_1_365' title='bbox 1256 4191 1360 4255; x_wconf 81' lang='lat' dir='ltr'><strong>Frane.</strong></span> <span class='ocrx_word' id='word_1_366' title='bbox 1373 4195 1453 4258; x_wconf 82' lang='lat' dir='ltr'><strong>llrat.</strong></span> <span class='ocrx_word' id='word_1_367' title='bbox 1468 4215 1494 4254; x_wconf 82' lang='lat' dir='ltr'><strong>a.</strong></span> <span class='ocrx_word' id='word_1_368' title='bbox 1506 4195 1536 4255; x_wconf 77' lang='lat'><strong>3.</strong></span> 
     </span>
    </p>
   </div>
   <div class='ocr_carea' id='block_1_4' title="bbox 1090 4345 1137 4396">
    <p class='ocr_par' dir='ltr' id='par_1_4' title="bbox 1090 4345 1137 4396">
     <span class='ocr_line' id='line_1_34' title="bbox 1090 4345 1137 4396; baseline 0.021 -1"><span class='ocrx_word' id='word_1_369' title='bbox 1090 4345 1137 4396; x_wconf 79' lang='lat'><strong>22</strong></span> 
     </span>
    </p>
   </div>
   <div class='ocr_carea' id='block_1_5' title="bbox 0 0 1942 4867">
    <p class='ocr_par' dir='ltr' id='par_1_5' title="bbox 0 0 1942 4867">
     <span class='ocr_line' id='line_1_35' title="bbox 0 0 1942 4867; baseline 0 0"><span class='ocrx_word' id='word_1_370' title='bbox 0 0 1942 4867; x_wconf 95' lang='lat' dir='ltr'><strong> </strong></span> 
     </span>
    </p>
   </div>
  </div>
 </body>
</html>
