3850 4867
1451 311 1523 414 275

130 482 260 589 ignotis
283 498 511 572 memorem?
533 494 583 571 Μ.
598 492 725 571 Bibuli
742 489 928 569 fortitudo
948 510 1065 597 atque
1085 492 1272 570 animivic
1291 492 1335 569 in
1350 494 1525 571 consula·

131 622 208 687 tum
231 620 388 722 erupit:
413 618 527 699 hebes
552 618 702 722 lingua,
725 618 843 723 magis
875 617 1000 695 malus
1033 646 1150 721 quam
1178 618 1340 693 callidus
1361 619 1525 723 ingenio.

130 732 229 830 Quid
252 740 318 817 ille
332 744 490 833 audeat,
515 743 578 820 cui
599 743 837 833 consulatue,
861 769 1088 818 maxumum
1098 743 1327 846 imperium,
1344 769 1526 819 maxumo

128 854 299 939 dedecori
316 865 417 943 fuiti
441 870 503 942 Au
524 870 563 941 L
592 866 754 942 Domitii
774 893 912 971 magna
930 866 985 941 vis
1008 883 1084 955 est,
1108 867 1217 942 cuius
1237 866 1393 942 nullum
1409 894 1528 944 mem-

128 979 274 1061 bruma
299 989 442 1095 flagitio
457 1008 526 1066 aut
547 990 716 1066 facinore
735 993 872 1066 vacatl
898 990 1169 1093 linguatum,
1193 1016 1332 1065 manue
1348 1008 1533 1085 cruentae,

125 1107 232 1207 pedes
248 1112 423 1219 fugacem
448 1140 534 1218 quae
557 1113 714 1190 honeste
742 1113 937 1189 nominari
959 1129 1174 1216 nequeant,
1198 1113 1524 1221 inhonestiecuma.

124 1230 241 1311 Unius
274 1254 403 1315 tamen
426 1240 477 1315 Μ
504 1238 657 1315 Catonis
680 1238 879 1343 ingenium
904 1254 1121 1328 veientum,
1154 1237 1313 1340 loquax,
1339 1239 1526 1315 callidum

125 1348 227 1433 haud
243 1378 458 1437 contemno.
508 1364 699 1438 Parantur
714 1360 797 1437 haec
817 1361 1020 1467 disciplina
1035 1360 1268 1436 Graecorum
1296 1362 1368 1437 Sed
1382 1365 1523 1453 virtus,

125 1477 340 1583 vigilantia,
367 1483 493 1575 labos,
516 1484 622 1589 apud
639 1484 791 1561 Graecos
811 1484 921 1561 nulla
943 1500 1044 1560 sunt.
1095 1483 1252 1589 Quippe
1265 1485 1335 1588 qui
1355 1486 1459 1563 domi
1479 1486 1526 1565 li-

126 1602 309 1685 bertatam
333 1636 443 1687 suam
468 1638 537 1716 per
557 1608 734 1689 inertiam
754 1596 967 1698 amiserint,
991 1630 1166 1683 censesne
1183 1633 1317 1684 eorum
1330 1613 1528 1716 praeceptis

126 1726 329 1833 imperium
351 1734 485 1810 haben'
509 1736 642 1838 posce?
669 1733 821 1835 Reliqui
839 1733 888 1808 de
906 1731 1073 1807 suctione
1095 1748 1188 1807 cunt
1205 1731 1528 1809 inertissumino·

126 1850 242 1931 bilae:
269 1858 312 1932 in
329 1860 486 1961 quibus,
509 1860 609 1935 aicut
629 1858 670 1932 in
692 1873 839 1947 statua,
864 1872 1003 1960 praeter
1027 1882 1193 1947 nomen,
1215 1854 1317 1933 nihil
1337 1873 1393 1932 est
1415 1857 1528 1933 uddi·

128 1982 292 2056 umenti.
329 1985 368 2057 L
381 1982 596 2059 Postumius
611 1981 711 2067 etM.
727 1980 916 2055 Favonius
937 1978 1036 2054 mihi
1057 1978 1239 2055 videntur
1254 1980 1361 2082 quaei
1379 2006 1529 2086 magnae

126 2105 226 2179 navis
249 2132 484 2209 supervacua
508 2130 624 2181 onera
656 2132 755 2195 esse,
781 2104 850 2180 ubi
874 2103 970 2179 calvi
1004 2130 1230 2209 pervenere,
1254 2104 1341 2178 naui
1363 2120 1471 2198 cunt3
1493 2105 1526 2179 ai

127 2226 215 2327 quid
235 2229 386 2307 adtonsi
411 2245 586 2305 coortum
600 2244 656 2303 est
679 2287 688 2324 ,
712 2229 761 2304 de
780 2228 855 2303 illia
891 2229 1145 2331 potissumum
1169 2230 1317 2302 iactura
1347 2226 1409 2318 fit,
1434 2228 1526 2329 quia

125 2353 234 2451 pretii
255 2354 424 2433 minumi
438 2369 537 2429 sunt
588 2352 785 2450 Quoniam
813 2380 937 2442 nunc,
961 2353 1025 2427 nti
1048 2351 1146 2428 mihi
1165 2351 1312 2443 videor,
1333 2350 1382 2427 dc
1405 2350 1517 2455 plebe
1532 2374 1567 2414 ιο

126 2479 340 2555 mnovanda
359 2476 658 2583 corrigendaque
674 2477 832 2555 dicaemi
852 2510 860 2552 ε
885 2477 1103 2568 decenam,
1122 2500 1208 2579 quae
1219 2476 1290 2551 tibi
1309 2476 1455 2582 agenda
1468 2477 1524 2550 vi-

127 2597 282 2695 dentur,
299 2604 436 2680 dicam.
486 2607 690 2707 Postquam
705 2598 804 2675 mihi
818 2615 907 2677 oetaa
927 2600 1204 2705 ingeniumque
1220 2598 1401 2692 adolevit,
1417 2599 1528 2677 haud

128 2720 239 2803 ferme
273 2730 388 2804 armis
414 2742 532 2831 atque
561 2726 668 2829 aquia
692 2748 830 2829 corpus
850 2724 1024 2813 exercui,
1047 2723 1114 2799 sed
1136 2724 1312 2799 animum
1338 2725 1382 2801 in
1407 2724 1527 2806 litoris
1570 2726 1577 2734 ’

130 2849 285 2951 agitavi3
310 2853 415 2955 quod
440 2866 579 2927 natura
599 2848 746 2925 firmina
761 2862 862 2936 erat,
885 2846 928 2923 id
945 2847 989 2921 in
1006 2846 1203 2923 labon‘bus
1220 2845 1352 2923 habui.
1402 2852 1529 2953 Atque

130 2996 191 3075 ego
212 2976 255 3054 in
276 3004 320 3055 ea
339 2980 439 3067 vita,
462 2976 586 3052 multa
606 2969 764 3079 legendo
786 2987 904 3074 atque
924 2970 1136 3062 audiendo,
1162 2970 1215 3047 ita
1235 2974 1425 3076 competi,
1447 2988 1528 3050 om.

131 3096 189 3171 nia
204 3126 339 3208 regna,
366 3101 458 3177 item
476 3099 659 3187 civitates,
682 3095 869 3186 nationes,
887 3120 1009 3199 usque
1023 3120 1069 3171 eo
1084 3120 1309 3201 prosperum
1320 3096 1528 3200 imperium

132 3214 313 3317 habuisse,
338 3224 434 3302 dum
458 3222 563 3330 apud
591 3246 752 3298 eosvera
772 3218 930 3297 consilia
943 3218 1174 3295 valueruntz
1197 3220 1433 3326 ubicumque
1443 3246 1529 3327 gra·

135 3344 203 3437 tia,
228 3350 365 3441 timor,
388 3348 563 3452 voluptas
580 3372 624 3421 ea
651 3368 874 3449 conupere;
900 3359 986 3448 post
1006 3343 1141 3448 paullo
1171 3344 1387 3422 imminutae
1412 3370 1527 3450 opaa,

136 3466 264 3551 deinde
284 3472 507 3577 ademptum
520 3469 742 3575 impeiium,
755 3483 944 3573 postremo
957 3467 1117 3545 servitus
1130 3467 1305 3574 imposita
1320 3486 1383 3545 est
1406 3471 1528 3574 Equi,

138 3690 194 3757 hoec
211 3718 263 3781 ego
284 3714 397 3777 magno
414 3694 508 3759 Votic.
529 3712 583 3755 noo
606 3692 888 3757 minimorum
913 3687 1275 3755 rabennantium
1299 3702 1410 3775 atupor.
1438 3693 1525 3756 Febr.

139 3794 205 3862 Brie.
224 3815 305 3865 vetut
325 3802 400 3863 Edit.
421 3832 463 3851 -
485 3796 558 3880 Cap.
571 3820 600 3878 9.
620 3795 721 3877 quippe
736 3794 788 3873 qui
805 3794 889 3855 domi
905 3814 1007 3854 omnen
1026 3793 1104 3860 liltri.
1125 3796 1286 3857 omisa-unt
1305 3796 1390 3861 Fnbr.
1407 3810 1437 3858 et
1449 3798 1525 3861 Bria.

139 3902 202 3965 sino
220 3908 252 3969 in
265 3916 362 3970 statuo
380 3906 475 3967 Votic.
495 3904 568 3965 sicut
584 3900 702 3962 instituo
724 3898 746 3959 t
746 3898 807 3959 abr.
825 3910 853 3959 et
868 3898 943 3959 Baio.
966 3897 1097 3961 instituto
1113 3913 1220 3965 vetem
1235 3901 1324 3962 Editt.
1345 3901 1381 3964 L.
1393 3902 1530 3965 factumi

140 4014 163 4063 tl
181 4008 220 4071 Μ.
237 4011 348 4075 Fauoni
365 4011 459 4073 Vatic.
487 4008 522 4067 L.
540 4004 691 4081 Postumi,
717 4002 760 4065 Μ.
781 4002 893 4064 Favoni
911 4013 993 4065 vetut
1009 4004 1086 4065 Edit.
1106 4038 1150 4053 —
1190 4004 1264 4085 Cup.
1281 4027 1328 4068 10.
1348 4016 1376 4068 ct
1392 4008 1526 4070 nationes

141 4106 216 4179 lali.
235 4118 308 4183 Brlo.
329 4126 357 4179 et
378 4130 438 4177 om.
461 4112 551 4179 vatio.
578 4112 606 4173 oi
615 4128 713 4173 omues
728 4107 916 4169 consulebant
935 4108 976 4169 ita
993 4106 1089 4175 codd.
1111 4128 1210 4172 omnes
1226 4112 1526 4197 vulpeculam-

1010 4237 1035 4293 l<
