3850 4867
423 298 495 371 252

416 518 515 572 num
536 508 701 569 extrema
719 493 852 569 munia
875 490 992 594 sequi.
1015 532 1066 553 -·
1096 494 1148 569 16.
1173 495 1223 567 Et
1246 492 1343 569 forte
1369 492 1414 569 in
1434 489 1649 595 navigando
1677 486 1792 567 coboto

421 642 522 707 nna,
543 618 680 723 granffi
706 617 821 693 faselo
849 632 958 693 recta
992 642 1015 691 a
1042 616 1173 691 ceteris
1200 616 1388 693 deerravit
1425 614 1600 719 marique
1624 614 1798 720 placidos

421 741 573 819 duobus
597 742 823 846 praedonum
849 740 1149 847 myoparonibus
1184 741 1451 818 circumventa.
1475 786 1526 803 -
1555 768 1608 840 17.
1632 742 1729 817 Eum
1752 756 1799 815 at·

419 892 498 969 qne
529 866 820 970 Metrophanem
849 882 1001 942 senatus
1031 892 1170 970 magna
1189 863 1377 941 industria
1402 864 1668 970 perquirebat,
1694 892 1799 970 quum

422 1014 491 1093 per
514 1005 571 1065 tot
600 988 776 1095 scaphas,
817 1016 910 1094 quas
935 990 985 1065 ad
1016 988 1111 1065 ostia
1141 1014 1232 1065 cum
1255 987 1387 1093 paucis
1415 988 1500 1065 fidis
1524 1006 1799 1093 percunctatum

420 1114 610 1190 miserant.
621 1170 732 1189 .....
769 1158 818 1175 -
859 1119 912 1190 ab
938 1114 1046 1189 Duos
1079 1140 1198 1217 quam
1223 1138 1421 1190 maxumos
1449 1112 1546 1188 utris
1573 1112 1648 1190 leri
1678 1114 1800 1193 tabula
1868 1103 1869 1196 l

417 1237 612 1314 subiecit:
605 1264 714 1341 ·qna
741 1264 856 1343 super
877 1238 984 1315 omni
1016 1264 1174 1342 corpore
1201 1239 1353 1343 quietus
1382 1236 1547 1313 invicem
1570 1252 1696 1314 tractu
1712 1241 1803 1345 pedis

418 1364 529 1469 quasi
551 1363 784 1467 gubernator
812 1362 1012 1438 existeret.
1036 1386 1080 1437 ea
1109 1362 1212 1438 inter
1235 1361 1375 1436 molem
1394 1376 1510 1463 atque
1534 1361 1699 1438 insulam
1718 1365 1801 1441 mari

419 1486 653 1565 vitabundus
679 1487 834 1563 classem
866 1482 1034 1562 hostium
1065 1484 1115 1559 ad
1142 1484 1331 1589 oppidum
1355 1484 1612 1588 perrenit—
1648 1512 1701 1586 19
1721 1487 1869 1565 Nam

302 1626 307 1642 ¹
420 1610 490 1713 qui
512 1614 625 1685 en'are
645 1609 772 1685 conati
787 1608 943 1685 fuerant
960 1608 1049 1698 ,icti
1070 1632 1167 1712 crepe
1183 1608 1423 1685 ferramentis
1434 1608 1592 1694 narium
1610 1628 1680 1687 aut
1692 1614 1806 1691 volne-

421 1732 496 1808 rati
513 1758 534 1808 a
551 1734 650 1821 suis,
667 1749 735 1808 aut
753 1731 899 1809 adflicti
918 1732 1063 1822 alveos,
1088 1731 1284 1807 undarum
1301 1732 1360 1821 vi,
1383 1730 1552 1808 mulcato
1569 1733 1671 1812 foede
1686 1764 1804 1843 corpo

304 1850 307 1857 ’
420 1882 475 1947 re,
497 1873 686 1961 postremo
709 1873 836 1933 tamen
855 1856 1085 1961 periere.--
1035 1880 1167 1931 -ao
1191 1857 1289 1932 Nam
1306 1857 1415 1932 tertia
1432 1872 1528 1933 tunc
1544 1876 1626 1935 erat
1643 1878 1682 1937 et
1698 1862 1803 1940 subli-

361 2000 366 2009 '
418 2006 483 2057 rna
501 1981 643 2059 nebula
662 1981 805 2057 coelum
833 1979 1141 2056 obscurabat-
1169 1998 1226 2058 ιι.
1251 1980 1371 2113 Illum
1394 1982 1513 2087 raptis
1529 1982 1659 2060 forum
1683 2003 1720 2063 et
1737 2014 1804 2065 cas·

417 2120 476 2183 tra
492 2107 648 2184 nautica
670 2105 856 2181 Sertorius
876 2118 1099 2179 mutaverat.

666 2327 801 2405 Oratio
827 2328 879 2403 M.
905 2328 1040 2403 Licinii
1064 2327 1328 2428 tribuniplebis
1350 2330 1403 2404 ad
1416 2331 1566 2431 plebem

494 2486 551 2555 22.
563 2474 622 2565 Si,
649 2474 830 2571 Quirites,
857 2501 998 2579 parum
1012 2475 1303 2566 existumaretis,
1326 2476 1432 2581 quod
1455 2479 1557 2557 inter
1573 2481 1676 2560 insa
1699 2486 1801 2561 maio·

419 2598 524 2675 ribus
548 2598 726 2675 relictum
747 2599 852 2675 vobis
874 2616 913 2677 et
935 2599 1011 2679 hoc
1028 2628 1051 2676 a
1075 2600 1181 2677 Sulla
1202 2616 1381 2704 paratum
1395 2604 1591 2682 servitium
1608 2608 1799 2687 interesset:

417 2722 549 2799 multis
568 2722 664 2797 mihi
685 2723 943 2801 disserendum
961 2724 1048 2801 'fuit
1064 2723 1374 2830 docendumque,
1402 2754 1496 2830 quas
1522 2731 1572 2806 ob
1591 2732 1748 2812 iniurias
1764 2750 1800 2811 et

418 2847 594 2951 quotiens
619 2874 641 2922 a
664 2848 837 2952 patribus
861 2866 1007 2925 armata
1025 2850 1152 2954 plebes
1172 2850 1388 2941 secessisset,
1413 2851 1550 2956 utique
1568 2856 1733 2943 vindices
1744 2886 1800 2965 pe·

419 2970 570 3047 mvisset
598 2974 720 3049 omnia
742 2973 835 3049 iuris
853 2973 913 3049 sui
936 2973 1112 3050 tribunos
1130 2973 1262 3077 plebis.
1296 2976 1409 3051 Nunc
1427 2974 1575 3055 hortari
1597 2984 1711 3061 modo
1727 2984 1799 3061 reli·
1870 3053 1871 3072 ,

418 3121 542 3199 quum
568 3112 686 3173 estet
711 3096 961 3203 imprimunt
986 3097 1070 3187 ria,
1110 3124 1187 3200 qua
1218 3100 1491 3205 capessundam
1515 3105 1684 3185 arbitror
1702 3110 1798 3186 liber

420 3234 545 3299 tatem
575 3222 706 3361 Neque
726 3246 787 3296 me
805 3222 993 3326 praeterit,
1017 3238 1181 3325 quantas
1203 3250 1291 3329 opes
1313 3216 1525 3304 nobilitatis
1542 3230 1796 3377 solus,1mpo·
1870 3315 1871 3324 ,

420 3356 519 3434 tens,
554 3344 662 3419 inani
690 3346 814 3448 specie
839 3345 1102 3449 magistratus,
1138 3345 1279 3451 pellere
1313 3350 1618 3433 dominatione
1606 3360 1795 3465 mcipiam;
1870 3335 1871 3370 ἶ

419 3482 640 3571 quantoque
658 3469 776 3545 tutius
795 3466 1131 3546 lectionariorum
1150 3488 1373 3579 agatqnam
1395 3477 1496 3554 soli
1484 3497 1713 3562 innocentes
1736 3484 1794 3563 set
1870 3495 1871 3500 ’

417 3683 547 3746 Darium
558 3689 764 3769 antiquilibri.
784 3688 1026 3774 Duriums‘ulgo.
1046 3725 1088 3739 -
1111 3713 1157 3753 ι2.
1177 3693 1255 3754 Non.
1270 3694 1410 3770 Marcwt
1427 3702 1551 3763 218.-
1574 3712 1620 3770 ιδ.
1642 3710 1684 3771 id.
1697 3730 1793 3795 2,)9ι

416 3790 753 3868 -rt.id.=,183.-
777 3796 1321 3877 15.1t2,527-161d136
1347 3808 1793 3891 13,7·,-r7id.13,11.-

419 3896 467 3957 aa.
483 3891 524 3955 id.
541 3916 574 3973 2,
593 3900 662 3980 899.
684 3920 771 3977 qrmm
790 3919 875 3979 rupcr
893 3901 926 3959 in
947 3902 1061 3983 aliquot
1078 3903 1159 3965 libris
1182 3907 1293 3967 molam
1313 3906 1485 3975 carria-
1503 3934 1564 3997 ¹9·
1584 3917 1664 3981 Non
1679 3921 1714 3999 3,
1734 3920 1789 3993 453

413 3999 533 4083 adflicti
546 4002 639 4065 alveos
658 4006 809 4064 undarum
823 4024 856 4065 m
849 4004 1003 4066 'mulcato
1025 4026 1148 4089 corpore
1169 4008 1369 4073 interibunt
1346 4014 1445 4084 ncG.
1460 4017 1581 4083 Fronto.
1600 4044 1664 4090 av.
1683 4024 1789 4107 adflicti.

413 4138 456 4157 ι-
477 4126 524 4171 ao.
545 4106 622 4169 Non.
641 4110 675 4184 8,
686 4109 735 4181 45.
755 4107 805 4168 sed
832 4110 924 4167 multa
938 4120 1146 4191 comptan-
1179 4134 1227 4175 ιι.
1247 4115 1290 4179 ita
1308 4116 1463 4207 Pompeius
1475 4122 1646 4194 (lonunsut¹
1666 4130 1699 4193 ll.
1712 4132 1787 4211 lap

418 4211 841 4282 centurionatus
858 4210 1069 4297 rrpusfotrtm
1086 4216 1165 4281 Non.
1174 4218 1212 4297 3,
1232 4222 1284 4306 962
