3850 4867
1454 311 1524 410 159

109 488 154 562 tis
173 489 406 566 Bomilcaris
430 493 550 567 verbis
571 495 695 597 primo
717 517 831 584 cura,
855 492 1011 582 deinde,
1035 493 1094 568 uti
1114 519 1257 598 aegrum
1277 493 1452 568 animum
1467 515 1524 568 so-

105 609 178 701 let,
199 639 371 690 somnus
390 615 498 721 cepit
539 619 634 691 Erat
658 617 692 692 ei
717 615 882 692 Numida
907 615 1066 719 quidam
1087 617 1326 720 negotiorum
1348 631 1523 706 curator,

103 733 210 811 fidus
227 756 489 843 acceptusque
511 758 551 815 et
571 740 745 816 omnium
767 738 1032 829 consiliorum,
1056 739 1131 814 nisi
1154 741 1379 830 novissumi,
1405 740 1525 843 parti·

102 887 199 964 ceps.
238 862 327 959 Qui
345 859 547 966 postquam
571 863 716 938 adlatas
737 863 863 939 literas
882 862 1031 938 audivit
1053 879 1154 939 etex
1173 864 1449 940 consuetudine
1464 891 1524 939 ra·

102 998 164 1056 tus
189 1009 316 1088 opera
346 1001 415 1060 aut
443 988 596 1091 ingenio
617 1014 686 1062 suo
721 1013 815 1092 opus
837 1013 930 1077 esse,
956 987 998 1061 in
1028 985 1320 1062 tabernaculum
1349 986 1522 1061 introiit:

100 1107 328 1184 dormiente
355 1110 422 1185 illo
444 1111 659 1214 epistolam,
682 1137 798 1216 super
816 1127 934 1215 caput
949 1110 991 1185 in
1008 1110 1170 1214 pulvino
1191 1126 1329 1186 temere
1349 1111 1521 1214 positam,

102 1232 223 1306 sumit
249 1261 300 1307 ac
326 1211 505 1339 perlegit:
530 1234 620 1312 dein
649 1261 829 1340 propere,
854 1233 1014 1339 cognitis
1038 1231 1203 1324 insidiis,
1229 1234 1279 1309 ad
1294 1261 1418 1339 regem
1434 1264 1521 1340 per-

101 1355 163 1458 git
197 1356 414 1447 Nabdalsa,
434 1374 521 1459 post
542 1356 675 1462 paullo
696 1374 950 1462 experrectus,
976 1357 1044 1431 ubi
1070 1377 1197 1460 neque
1215 1359 1412 1462 epistolam
1437 1388 1520 1466 rep·

102 1479 205 1580 perit
234 1494 276 1554 et
299 1507 382 1555 rem
402 1507 575 1586 omnem,
602 1481 660 1556 uti
688 1497 772 1556 acta
794 1497 896 1570 erat,
921 1481 990 1577 (ex
1007 1481 1199 1587 perfugis)
1224 1485 1417 1588 cognorim
1442 1485 1520 1589 pri·
1628 1580 1631 1586 ,

102 1628 166 1676 mo
192 1602 371 1678 indicem
401 1604 576 1707 persequi
605 1620 794 1695 conatus,
810 1618 1012 1708 postquam
1043 1603 1082 1680 id
1104 1605 1242 1681 frustra
1267 1605 1359 1698 fuit,
1383 1611 1522 1714 Iugur*

103 1722 213 1800 tham
232 1724 420 1830 placandi
451 1730 571 1832 gratia
596 1727 763 1821 accedit3
797 1726 916 1819 dicit,
936 1754 1022 1830 quae
1047 1729 1126 1832 ipse
1153 1729 1355 1833 paravisset
1379 1730 1520 1827 facere,

104 1848 268 1952 perfidia
294 1849 443 1926 clientis
463 1849 522 1925 sui
547 1866 764 1954 praeventa:
793 1849 1011 1926 lacrumans
1040 1853 1251 1928 obtestatur
1270 1880 1340 1957 per
1358 1857 1519 1932 amiciti·

107 1998 167 2046 am
187 2001 341 2078 perque
365 2000 433 2048 sua
465 1990 577 2049 antea
603 1972 766 2048 fideliter
784 1990 887 2065 acta,
909 2001 959 2050 ne
982 2001 1097 2079 super
1121 1976 1188 2050 tali
1209 1976 1346 2052 scelere
1370 2005 1519 2084 suspec-

108 2110 190 2170 tum
205 2124 287 2174 sese
304 2097 470 2172 haberet.
522 2097 582 2172 Ad
599 2124 641 2171 ea
660 2125 725 2172 rex
742 2097 875 2188 aliter,
891 2113 1007 2201 atque
1026 2098 1156 2173 animo
1176 2101 1344 2205 gerebat,
1368 2102 1518 2205 placide
1529 2137 1566 2199 7²

107 2222 315 2324 respondit.
365 2221 573 2296 Bomilcare
594 2221 755 2324 aliisque
772 2220 919 2312 multis,
939 2247 1035 2325 quos
1055 2223 1173 2298 socios
1189 2223 1414 2300 insidiarum
1431 2253 1517 2333 cog*

106 2361 284 2435 noverat,
310 2345 535 2435 interiectis,
554 2344 652 2419 iram
672 2360 935 2449 oppresserat:
962 2371 1111 2450 nequa
1136 2373 1182 2422 ex
1207 2372 1252 2421 eo
1273 2350 1433 2452 'negotio
1461 2377 1516 2426 se-

106 2463 197 2563 ditio
230 2469 408 2544 oriretur.
458 2470 589 2570 Neque
616 2485 701 2572 post
733 2468 776 2555 ⁴id
807 2469 985 2544 locorum.
1014 2468 1210 2574 Iugurtha
1237 2463 1317 2545 dies
1342 2489 1409 2547 aut
1438 2501 1515 2550 nox

107 2587 183 2664 ulla
209 2593 342 2694 quieta
359 2590 460 2667 fuit:
486 2618 611 2694 neque
634 2590 742 2682 loco,
771 2619 895 2695 neque
914 2585 1077 2667 mortali.
1091 2592 1274 2696 cuiquam
1290 2612 1522 2702 auttempo·

109 2712 139 2785 ri
171 2718 261 2792 satis
291 2715 444 2792 credere
464 2750 481 2790 ε.
497 2716 588 2791 civis
618 2713 819 2820 hostesque
843 2717 948 2790 iuxta
974 2731 1141 2790 metuere
1169 2718 1525 2823 :circumspectare

108 2840 232 2916 omnia
256 2856 297 2918 et
312 2840 599 2945 omnistrepitu
617 2868 834 2946 pavescere:
860 2841 937 2916 alio
960 2857 1075 2942 atque
1093 2839 1169 2916 alio
1190 2839 1274 2914 loco
1296 2867 1392 2946 soepe
1423 2837 1524 2922 conv

109 3027 144 3066 rs
159 3010 273 3073 Fabric.
293 3011 357 3072 Bas.
367 3035 404 3072 ι.,
414 3012 504 3073 dead.
524 3014 595 3074 Vin.
608 3033 634 3073 ι.
653 3012 803 3073 Esaiae.
815 3034 841 3079 ι.
861 3011 958 3073 Guelt.
970 3013 998 3072 6.
1009 3033 1038 3092 9.
1052 3031 1099 3072 rr.¹
1120 3013 1253 3072 meliores
1265 3011 1392 3076 Gruteri.
1414 3021 1522 3096 plures-

107 3109 188 3173 tivit.
208 3118 300 3177 etiam
314 3137 353 3178 aa
368 3116 783 3182 comuet..Bern..3..introiit
802 3117 906 3181 Bas-r.
928 3117 1040 3178 Fabric.
1053 3138 1078 3176 ι.
1100 3117 1245 3198 (ὶιιοΙΐ.9.,
1255 3117 1339 3180 Rern.
1361 3141 1386 3178 ι.
1404 3127 1432 3184 ὅ.
1461 3121 1512 3182 in-

109 3218 201 3279 troivit
220 3223 332 3284 Fabric-
345 3245 373 3285 a.
392 3223 459 3284 Ecc.
486 3223 624 3283 Guetts.
638 3225 667 3283 6.
683 3245 713 3304 7.
732 3243 778 3281 ιο.
797 3245 842 3281 ιι.
859 3243 904 3282 ra.
927 3223 996 3282 Vin.
1024 3223 1075 3284 rlc.
1105 3223 1281 3289 Strauinc.
1303 3221 1386 3284 Rom.
1407 3225 1524 3290 Franc..

107 3319 204 3384 introit
229 3331 291 3389 alii.
313 3328 436 3409 repperit
456 3328 519 3392 Bas.
532 3349 557 3386 r.
575 3337 641 3407 post
658 3327 760 3407 paullo
779 3327 889 3390 Rivius.
918 3327 965 3386 uti
984 3336 1053 3386 octa
1072 3329 1218 3388 incerta.
1246 3347 1284 3386 esc
1298 3323 1430 3409 perflagr's
1448 3344 1510 3384 om.

109 3426 194 3490 tart
209 3443 244 3495 Δ.
274 3452 312 3492 ac
326 3433 437 3494 scurris
456 3433 554 3492 Guell.
569 3432 599 3492 ὅ.
619 3453 657 3492 ea
672 3433 767 3493 sarcis:
780 3432 906 3494 Palati.
928 3432 1008 3491 Leid.
1023 3453 1050 3492 c.
1066 3433 1093 3491 lr.
1114 3431 1199 3492 Bem.
1216 3452 1243 3492 r.
1264 3429 1519 3513 arpertusNazar„

110 3533 203 3607 gratio
214 3538 333 3598 mansit
350 3535 462 3600 viar.
481 3535 555 3596 dicit
570 3557 636 3615 quta
651 3539 717 3617 ipse.
738 3536 812 3596 dicit
825 3556 887 3596 our.
901 3535 998 3596 Guelt.
1012 3555 1039 3600 s.
1056 3536 1225 3616 paravisset.
1242 3539 1349 3615 fucare
1370 3556 1431 3595 om.
1450 3532 1510 3596 hoo

112 3638 181 3698 loco.
193 3639 264 3702 Tur.
286 3641 398 3704 fabric.
409 3662 436 3701 ι.
457 3639 595 3700 caelas.
604 3691 607 3696 .
616 3642 779 3721 quifaoers
789 3649 951 3721 ριωυσιιια.
968 3647 1148 3720 proventum
1163 3639 1329 3716 itaCsrrio,
1345 3642 1394 3702 cui
1408 3658 1511 3700 onmes

110 3738 304 3827 leidspmter.
315 3750 337 3811 Ι.
356 3745 493 3808 acoedera
505 3745 652 3808 rideatur.

185 3871 255 3957 Cap.
267 3897 316 3959 72.
334 3885 399 3958 post
413 3875 446 3935 id
464 3873 648 3953 negotiorum
658 3872 746 3933 ¹Lcid.
762 3871 793 3931 d.
811 3893 893 3936 e..m.
909 3892 941 3930 ιι.
971 3867 1141 3933 Rittershus.
1159 3868 1392 3940 libauMarlur,
1412 3875 1508 3938 Suus.

112 3971 187 4037 Reor.
201 4001 227 4040 ι.
244 3981 348 4042 Frauo.
368 3980 465 4039 Guelf.
477 3979 507 4050 d,
522 3977 688 4049 11.,Bas.d.
709 3987 795 4057 atqua
807 3974 908 4035 omino
926 3975 1054 4036 tutarer:
1065 3976 1161 4038 Guelf.
1172 3979 1212 4039 6..
1224 3999 1262 4039 ac
1273 3979 1375 4040 animo
1389 3979 1514 4044 haberet.

113 4074 167 4146 Bas.
176 4083 203 4154 d.
230 4107 317 4164 quam
331 4084 433 4147 animo
447 4083 567 4142 haberet
591 4081 672 4141 Leid.
683 4081 713 4140 d.
734 4079 831 4160 qttieta
838 4080 928 4156 suere
956 4079 1055 4147 Guetf.
1072 4087 1100 4146 5.
1120 4093 1185 4144 erat
1197 4083 1282 4144 Bern.
1292 4105 1321 4144 ι.
1332 4084 1400 4162 fuit
1420 4085 1508 4146 ceteri

114 4179 182 4249 libri.
200 4190 271 4251 dves
283 4189 431 4269 hostesque
450 4190 491 4247 ita
505 4188 629 4268 plurimi
643 4185 973 4263 suarattaratae
992 4185 1056 4246 Bau
1070 4207 1096 4252 ι.
1116 4187 1185 4270 Teg.
1207 4188 1279 4250 aim
1293 4189 1388 4250 hustet
1407 4188 1507 4250 Gueli.

118 4302 140 4343 ¹·
156 4289 210 4352 inc.
221 4314 248 4360 a.
267 4295 339 4356 civis
349 4294 439 4354 hostis
458 4292 617 4352 Camurti..
625 4301 752 4374 qrrrtrror
762 4289 876 4354 wanti.
906 4289 967 4351 olio
982 4299 1069 4371 atquc
1083 4291 1146 4354 alio
1159 4293 1234 4356 loca
1255 4301 1343 4373 atquo
1352 4293 1415 4355 atto
1444 4313 1506 4356 om.
