3850 4867
1441 339 1510 416 135

120 509 265 592 bellum
295 546 445 624 gerens,
476 527 724 630 perniciosior
757 541 867 619 esset,
898 527 940 604 in
974 527 1120 604 incerto
1154 522 1368 600 haberetur.
1417 517 1556 611 Eratty
1631 619 1634 632 Ι

118 629 224 714 baud
245 640 359 750 longe
375 647 424 720 ab
441 673 485 724 eo
501 650 655 743 itinere,
670 678 748 756 quo
760 651 935 729 Metellus
953 651 1147 758 pergebat,
1170 647 1356 753 oppidum
1378 641 1512 720 Numi-

120 753 274 856 domm,
297 771 455 847 nomine
471 775 618 867 Vacca,
640 772 768 850 lorum
789 803 919 852 rerum
941 775 1136 852 renalium
1154 774 1268 847 totius
1298 767 1403 875 regni
1431 791 1513 840 ma·

121 903 235 960 xumc
243 888 478 969 celebratum
489 928 500 990 3
519 896 587 972 ubi
611 912 651 974 et
673 897 839 975 incolere
858 914 896 974 et
912 898 1071 974 mercari
1101 910 1373 973 consueverant
1389 888 1513 966 Italici
1602 931 1608 940 ·

120 1010 266 1106 generis
286 1015 401 1090 multi
422 1019 607 1096 mortales.
657 1022 744 1096 Huc
758 1023 918 1110 Consul,
939 1020 1054 1096 simul
1078 1017 1291 1124 temptandi
1318 1015 1456 1122 gratia,
1478 1028 1516 1092 et

118 1129 151 1243 *sl
168 1149 413 1234 paterentur,
433 1144 721 1246 opportunitate
746 1144 845 1235 loci,
872 1145 1092 1248 praesidium
1115 1143 1294 1246 imposuit
1301 1174 1312 1235 3
1336 1135 1516 1245 praeteiea

118 1251 322 1356 imperavit
338 1259 576 1340 frumentum
592 1281 630 1341 ct
646 1267 738 1357 alia,
762 1293 849 1371 quae
866 1267 968 1344 bello
990 1269 1075 1343 usui
1094 1267 1235 1356 forent,
1256 1277 1516 1368 comportaret

122 1393 225 1452 ratus
248 1380 313 1472 id,
329 1383 435 1486 quod
455 1413 512 1462 ms
537 1391 730 1481 monebat,
755 1390 1009 1494 frequentiam
1041 1391 1321 1496 negotiatorum
1346 1403 1385 1462 et
1417 1413 1518 1461 com·

126 1518 253 1576 meatu
271 1505 493 1584 iuraturum
506 1512 714 1588 exercitum
733 1529 771 1589 et
786 1515 863 1588 iam
882 1514 1024 1618 paratis
1038 1514 1149 1590 rebus
1172 1511 1413 1588 munimento
1430 1509 1517 1585 sore.

124 1623 229 1700 Inter
243 1625 329 1703 herc
350 1635 499 1738 negotia
520 1633 704 1741 Iugurtha
723 1637 929 1740 impensius
948 1637 1063 1711 modo
1083 1637 1220 1741 legatos
1232 1634 1422 1742 supplices
1433 1631 1521 1706 mit-

125 1759 220 1837 tere,
241 1775 377 1853 pacem
400 1781 523 1846 orare,
546 1775 684 1860 praeter
699 1783 809 1834 suam
828 1758 1112 1862 liberorumque
1131 1760 1265 1849 vitam,
1289 1757 1418 1833 omnia
1442 1755 1523 1832 Me-

129 1868 216 1944 tello
233 1872 381 1950 dedere.
431 1877 537 1974 Quos
556 1881 663 1972 item,
680 1881 739 1957 uti
757 1881 916 1992 priores,
935 1883 1076 1958 Consul
1100 1883 1256 1958 inlectos
1270 1881 1320 1956 ad
1336 1879 1522 1984 proditio-

127 2015 214 2068 nem
244 1995 405 2073 domum
439 2000 656 2078 dimittebat
681 2037 689 2077 :
714 2004 791 2107 regi
819 2030 973 2107 pacem,
1001 2031 1119 2107 quam
1141 2004 1373 2109 postulabat,
1396 2027 1521 2104 neque

127 2115 296 2194 abnuere
312 2148 437 2227 neque
454 2125 649 2229 polliceri,
670 2143 708 2201 et
733 2128 834 2202 inter
854 2153 914 2201 eas
934 2152 1058 2202 moras
1093 2127 1291 2230 promissa,
1311 2127 1521 2230 legatorum

127 2259 346 2345 exspectare.
384 2247 569 2352 Iugurtha
587 2249 657 2324 ubi
672 2248 815 2325 Metelli
828 2249 928 2325 dicta
942 2276 1031 2324 cum
1053 2247 1160 2325 factis
1175 2249 1395 2354 composuit,
1420 2273 1464 2322 ac
1482 2253 1568 2328 sets

126 2364 201 2438 suis
221 2367 371 2444 artibus
395 2373 571 2475 temptari
598 2353 890 2468 animadvortit,
915 2374 1058 2479 quippe
1088 2374 1151 2450 cui
1176 2375 1297 2450 verbis
1323 2399 1398 2476 pax
1419 2397 1521 2446 nun-

131 2485 322 2580 ciabatur,
356 2507 525 2568 ceterum
561 2519 602 2571 m
629 2495 776 2572 bellum
798 2523 1061 2599 asperrumum
1083 2515 1189 2574 erat:
1217 2497 1308 2573 urbs
1343 2519 1521 2572 maxuma

130 2609 316 2702 alienata,
346 2641 434 2719 ager
470 2614 641 2695 hostibus
672 2619 871 2724 cognitus,
899 2619 1019 2694 animi
1055 2621 1303 2724 popularium
1329 2617 1502 2723 temptati

130 2753 280 2811 coactns
297 2763 426 2812 rerum
444 2742 739 2831 necessitudine,
755 2743 888 2818 statuit
905 2741 1018 2816 armis
1040 2757 1191 2820 certare
1242 2743 1364 2848 Igitur
1395 2739 1524 2844 explo-

131 2875 212 2934 rato
229 2857 400 2937 hostium
419 2862 571 2955 itinere,
594 2865 636 2939 in
656 2890 762 2969 spem
780 2863 947 2942 rictoriae
962 2863 1151 2940 adductus
1170 2891 1218 2941 cx
1238 2865 1524 2970 opportunitate

130 3083 188 3150 tu
203 3108 228 3153 ι.
247 3087 333 3148 hem.
346 3109 374 3151 a.
394 3089 474 3150 Vrat.
488 3090 554 3151 ni.
576 3089 764 3157 hsid.b.h.l.
784 3091 968 3154 duoWassii.
987 3089 1111 3158 Bem.3.
1132 3091 1276 3154 heremum
1295 3089 1381 3152 Febr.
1397 3111 1422 3150 ι.
1440 3086 1523 3149 Bodl.

129 3188 193 3272 Tcg.
214 3193 247 3252 in
261 3192 405 3254 inocrtwn
423 3193 493 3256 Tur.

210 3318 285 3402 Cup.
297 3323 346 3403 47.
369 3321 470 3383 Vacca
486 3322 592 3404 optimi
612 3323 688 3383 libri.
712 3321 797 3402 Vaga
817 3320 912 3382 Guell.
926 3324 954 3394 4.
980 3322 1062 3384 I'aca
1082 3320 1218 3386 Guntt
1241 3321 1346 3384 Vaclta
1366 3321 1461 3382 Guell.
1479 3341 1524 3380 ιι.

131 3423 216 3484 umal
227 3427 366 3486 tentandi
372 3428 474 3506 gretia
488 3439 515 3488 et
528 3428 638 3508 primati
656 3429 754 3488 Vinar.
765 3448 792 3488 a.
814 3426 893 3487 unde
907 3429 990 3487 lacile
1006 3430 1102 3488 elicias
1119 3428 1300 3509 reperiundi
1314 3425 1450 3488 tentandi
1459 3445 1525 3484 ma·

133 3531 277 3610 neuda’que
289 3532 390 3610 gratia
410 3531 498 3592 lead.
520 3543 590 3592 tent.
604 3540 631 3591 et
643 3531 731 3592 sirau]
738 3531 840 3611 gretie
856 3531 1009 3592 hemundi
1027 3532 1087 3591 Erl.
1116 3541 1188 3596 tent.
1203 3553 1252 3612 gr.
1269 3532 1295 3592 si
1304 3539 1367 3612 pet.
1387 3531 1484 3592 Senot.
1500 3550 1525 3588 ι.

132 3631 228 3695 l'inar.
241 3656 269 3695 ι.
291 3636 412 3696 Palmer.
437 3645 572 3716 poterent
591 3636 674 3694 Ilem.
689 3656 713 3695 r.
734 3636 805 3718 Reg.
829 3645 948 3715 propter
963 3634 1191 3715 opportunitates
1209 3633 1305 3696 Guclt.
1323 3656 1367 3700 tt.
1388 3640 1530 3714 apportem·

136 3740 225 3800 riute
239 3738 319 3800 baud
336 3738 613 3823 dubielegendnm,
634 3759 689 3820 qua
709 3739 827 3820 quidem
850 3739 966 3798 Gruteri
983 3741 1148 3802 coniectum
1166 3741 1267 3800 omnia
1286 3741 1337 3800 ista
1356 3736 1527 3811 concidunt,

137 3864 196 3922 qnae
209 3843 283 3903 (tort
297 3863 416 3903 excursu
424 3843 466 3902 IV
468 3886 475 3902 .
485 3842 598 3903 doctius
609 3864 696 3924 quam
716 3844 810 3904 verius
821 3842 987 3923 disputarit
1009 3853 1036 3902 et
1049 3844 1273 3904 commeantium
1287 3843 1383 3903 Gnell.
1392 3827 1423 3922 9.
1444 3850 1528 3903 comi

136 3958 282 4007 meantum
302 3947 387 4011 Paris.
399 3967 427 4006 a.
446 3955 474 4007 ct
486 3956 679 4015 commeatum
693 3946 794 4025 populi
810 3946 909 4007 Vinar.
924 3964 952 4004 a.
974 3947 1087 4006 Vratisl.
1102 3965 1128 4005 a.
1156 3954 1184 4007 ct
1198 3957 1361 4008 commeatu
1382 3947 1431 4006 alii
1448 3943 1526 4005 libri.

138 4071 206 4130 quos
221 4050 318 4112 Ciacc.
336 4051 445 4112 laudat.
465 4051 552 4113 dmm
569 4052 690 4132 plurimi
700 4048 814 4109 Gruteri
828 4060 857 4109 et
872 4048 953 4108 Cort.
966 4049 1043 4115 libri.
1064 4061 1092 4111 et
1109 4051 1169 4110 ium
1186 4053 1296 4134 priores
1311 4049 1449 4110 Editores.
1470 4049 1528 4110 im·

136 4175 212 4232 puts.
228 4158 327 4215 modo.
348 4157 436 4216 modo
456 4177 517 4216 orn.
529 4154 625 4216 Guelt.
642 4156 671 4226 4.
692 4175 776 4216 ruam
792 4173 965 4233 suorumque
982 4153 1033 4220 vit.
1054 4155 1133 4216 leid.
1149 4175 1188 4216 m.
1207 4135 1311 4217 Frena.
1333 4155 1453 4216 inlectos
1472 4151 1527 4214 tu·-

138 4263 175 4320 rii
191 4261 266 4322 libri.
287 4259 384 4321 Gaell.
398 4281 423 4320 ι.
445 4259 506 4320 lias.
518 4282 542 4320 ι.
564 4261 614 4343 qui
630 4263 716 4319 etiam
735 4257 879 4341 irpeusim
890 4268 918 4320 et
932 4256 1066 4340 inposuit.
