3850 4867
377 272 446 370 ι96

371 467 465 543 etro,
490 465 762 529 cruentaverat
813 449 931 550 Quod
952 448 1023 525 ubi
1039 449 1177 526 militet
1198 473 1394 554 acoepere,
1420 445 1536 549 magis
1564 435 1774 516 atrocitate

302 673 313 683 ο
372 576 429 652 rei
452 603 571 680 quam
592 574 667 650 fide
681 575 819 652 nuncii
841 591 1060 652 tenuntur:
1082 572 1273 677 simulque
1291 571 1445 647 barbari
1462 569 1608 644 animos
1637 560 1777 638 tollere

370 717 411 778 et
426 701 469 776 iu
492 699 683 806 perculsos
697 701 887 776 Romanos
908 699 1032 774 aerius
1050 697 1232 776 incedere.
1281 699 1438 799 Iamque
1448 691 1630 799 paullum
1644 687 1702 762 ab
1720 681 1782 758 tu·

370 850 418 928 ga
445 823 632 914 aberant,
668 850 792 926 quum
822 821 946 913 Sulla,
979 821 1187 926 profligatis
1210 821 1276 910 iis,
1302 845 1395 924 quos
1423 819 1628 896 advorsum
1659 811 1781 894 ierat,

371 945 520 1052 redieras
543 948 595 1022 ab
620 945 738 1022 latere
759 945 903 1023 Mauris
919 947 1092 1022 incurrit.
1143 943 1311 1022 Bocchtu
1331 945 1459 1020 statim
1478 940 1685 1018 avertitur.
1732 936 1784 1006 At

371 1067 576 1174 Iugurtha,
599 1068 694 1147 dum
714 1087 922 1146 sustentare
937 1096 1023 1146 suos
1045 1086 1084 1144 et
1108 1095 1228 1174 prope
1257 1069 1335 1144 iam
1361 1067 1540 1172 adeptam
1568 1059 1783 1138 victoriam
1883 1080 1884 1089 ¹

371 1195 536 1270 retinere
556 1197 679 1298 cupit,
705 1194 985 1269 circumventus
1004 1194 1053 1267 ab
1072 1193 1282 1296 equitibus,
1307 1192 1459 1280 dextra,
1480 1190 1634 1266 sinistra
1652 1181 1785 1260 omni-

372 1317 444 1392 bus
469 1316 614 1408 occisis,
636 1318 738 1392 solus
764 1317 866 1392 inter
889 1317 963 1394 tela
980 1315 1149 1392 hostium
1168 1315 1400 1392 vitabundus
1418 1313 1594 1417 erumpit.
1647 1313 1785 1410 Atque

372 1441 528 1516 interim
541 1439 706 1530 Marius,
731 1440 868 1546 fugatis
879 1439 1094 1543 equitibus,
1118 1441 1284 1516 accurrit
1296 1440 1439 1517 auxilio
1457 1437 1551 1528 suis,
1577 1461 1681 1540 quos
1700 1430 1784 1536 pel·
1885 1499 1887 1512 .

373 1562 402 1636 li
423 1564 716 1666 iamucceperat.
765 1564 943 1665 Denique
976 1559 1098 1638 hostes
1121 1563 1198 1638 iam
1222 1565 1395 1666 undique
1416 1562 1499 1640 fusi.
1549 1563 1653 1636 Tum
1670 1583 1784 1661 spec-

375 1686 546 1761 taculum
573 1684 758 1761 horribile
789 1686 831 1760 in
857 1685 1000 1788 campis
1024 1686 1271 1788 patentibus:
1296 1687 1428 1789 sequi,
1452 1687 1601 1792 fugere,
1627 1679 1783 1767 occidi,
1885 1687 1887 1714 ⁸

373 1810 480 1914 capi;
504 1810 593 1914 equi
612 1826 728 1912 atque
752 1810 825 1883 viri
848 1809 994 1883 adflicti
1019 1841 1027 1881 :
1054 1837 1098 1884 ac
1111 1810 1241 1900 multi,
1268 1809 1486 1887 volneribus
1506 1809 1693 1914 acceptis,
1715 1829 1783 1879 ne·
1878 1836 1885 1867 ε

373 1960 450 2037 que
473 1933 602 2038 fugere
614 1959 741 2038 posse,
765 1959 891 2035 neque
916 1933 1084 2035 quietem
1100 1934 1197 2036 pati3
1222 1933 1295 2010 niti
1316 1933 1453 2026 modo,
1476 1961 1521 2012 ac
1540 1935 1782 2010 atatimcou-

374 2059 519 2136 cidere':
544 2076 733 2162 postremo
758 2058 904 2146 omnia,
928 2083 1006 2160 qua
1036 2055 1134 2132 visus
1162 2073 1265 2150 erat,
1287 2075 1477 2136 constrata
1496 2055 1599 2148 teliu,
1630 2058 1778 2146 armis,
1884 2051 1885 2057 ’

310 2216 365 2258 102
377 2180 652 2270 cadaveribus3
683 2197 722 2256 et
748 2180 849 2255 inter
881 2205 923 2255 ea
953 2177 1094 2256 humus
1124 2180 1264 2256 iniecta
1292 2183 1485 2286 sanguiue
1544 2183 1678 2258 Postea
1702 2180 1778 2258 loci

377 2306 520 2382 Consul
552 2303 659 2380 haud
694 2302 810 2378 dubie
842 2303 919 2377 iam
952 2303 1096 2394 victor,
1119 2305 1292 2407 pervenit
1314 2306 1355 2380 in
1382 2306 1570 2410 oppidum
1603 2307 1778 2392 Cirtam,

376 2457 454 2532 quo
483 2429 595 2503 initio
618 2427 807 2530 proiectus
829 2426 1056 2502 intenderat
1105 2429 1160 2502 Eo
1187 2445 1272 2530 post
1295 2429 1398 2505 diem
1422 2430 1628 2534 quintum,
1654 2457 1777 2535 quam

377 2554 517 2626 iterum
539 2548 693 2624 barbari
719 2549 819 2624 male
843 2567 1124 2654 pugnaverant,
1148 2552 1259 2654 legati
1283 2551 1470 2629 aBoccho
1495 2556 1685 2646 veniunt,
1707 2554 1775 2657 qui

377 2674 471 2778 regie
491 2674 613 2749 verbis
626 2673 676 2746 ab
696 2670 819 2748 Murio
834 2673 1015 2776 petivere,
1031 2673 1126 2748 duos
1145 2701 1262 2776 quam
1281 2675 1490 2753 fidissumos
1506 2678 1556 2754 ad
1573 2705 1663 2754 eum
1686 2679 1773 2754 mit-

377 2813 489 2890 teret3
504 2797 600 2872 velle
609 2796 656 2871 de
673 2821 712 2872 se
726 2812 764 2870 et
783 2795 831 2871 de
850 2797 986 2900 populi
1003 2798 1164 2872 Romani
1182 2799 1381 2876 commodo
1399 2829 1489 2878 cum
1508 2799 1568 2876 his
1584 2802 1769 2878 disserere.
1880 2840 1884 2863 ·

375 2941 455 3041 mii
464 2978 608 3050 lectione,
629 2975 689 3035 duo
706 2976 820 3037 wanti.
838 2977 913 3036 Vin.
928 2997 956 3036 a.
977 2977 1108 3056 abfugu
1127 2977 1248 3039 Fului.
1269 2979 1366 3040 Gueli.
1380 2986 1407 3044 5.
1428 3002 1520 3064 praep.
1533 2985 1617 3042 erasit
1639 2983 1709 3044 Νη.
1729 3004 1768 3040 m.
1883 3004 1884 3008 ¹

374 3104 431 3144 tec.
452 3083 545 3164 erupit
565 3083 639 3144 Vin.
653 3101 680 3141 a.
707 3081 862 3142 labdon.
889 3081 972 3163 Berg.
993 3081 1096 3142 Franc.
1118 3081 1185 3144 Eoo.
1215 3084 1312 3144 Guell.
1329 3107 1356 3166 7.
1382 3085 1599 3148 leid.h.k.m.
1627 3087 1767 3156 liaeul.

375 3187 460 3250 Bem.
475 3211 501 3250 1.
518 3193 547 3252 3.
575 3184 705 3250 occurrit
722 3205 794 3249 uua.
809 3184 868 3245 tuti
885 3184 967 3267 Berg.
998 3186 1092 3251 Struv.
1119 3187 1186 3248 Eoo.
1214 3188 1612 3274 Guelt.t.6.7.10.11.12.
1639 3191 1768 3255 auem-rat
1883 3198 1884 3211 ³

375 3298 471 3359 ueteri.
491 3293 553 3354 iam
565 3293 676 3371 ΜΗ.
697 3291 758 3351 iam
774 3311 834 3350 om.
848 3289 983 3354 Gueltt.
1004 3291 1071 3350 Eoo.
1092 3291 1125 3350 in
1140 3292 1259 3372 compti.
1280 3294 1314 3354 in
1334 3315 1393 3360 om.
1415 3296 1496 3356 Febr.
1516 3297 1599 3356 Leid.
1613 3319 1654 3357 m.
1674 3295 1766 3378 septi,

375 3402 502 3482 fftgere
520 3397 619 3470 Baad.
640 3397 709 3479 Τις.
738 3393 823 3473 equi,
836 3393 895 3454 viri
913 3392 1009 3460 Guell.
1023 3395 1051 3453 6.
1072 3397 1206 3474 musceta
1220 3400 1366 3480 sanguim
1384 3401 1453 3483 Teg.
1475 3401 1559 3464 Febr.
1578 3401 1675 3464 Gueli.
1688 3425 1713 3464 r.
1724 3421 1765 3461 ιι.

458 3526 531 3608 Cap.
550 3548 617 3588 toa.
635 3529 687 3588 ‘ad
702 3545 768 3586 eum
782 3521 828 3582 uti
845 3523 969 3582 mitteret
988 3523 1067 3589 Leid.
1080 3546 1109 3606 g.
1134 3526 1173 3585 do
1189 3545 1219 3587 te
1234 3537 1262 3586 et
1276 3529 1314 3586 de
1323 3549 1354 3607 p.
1374 3527 1435 3594 Bas.
1449 3550 1474 3588 ι.
1503 3529 1588 3590 Paris.
1600 3554 1626 3592 a.
1646 3553 1699 3596 auo
1718 3553 1764 3594 et-

239 3629 243 3636 “
375 3635 439 3695 teri.
458 3641 486 3692 et
501 3635 539 3693 da
552 3651 604 3692 uto
623 3631 709 3690 Febr.
728 3629 796 3712 Teg-
818 3647 883 3688 cum
899 3627 945 3686 hit
962 3629 1101 3689 dustrem
1127 3649 1228 3690 omnes
1244 3632 1300 3691 lere
1314 3631 1391 3691 libri.
1417 3634 1524 3694 eumd
1542 3635 1610 3696 Eoo.
1630 3635 1724 3700 Guell.
1736 3637 1761 3700 6.
1883 3649 1885 3666 ²

375 3739 411 3800 L.
425 3737 490 3798 Sill.
509 3736 546 3803 L,
560 3756 621 3796 om.
636 3734 704 3816 Τις.
724 3734 786 3793 Bas.
799 3733 827 3804 l.
847 3731 913 3794 Tur.
934 3731 1025 3792 acciti
1037 3733 1187 3794 veniebant
1210 3735 1307 3794 Guelf.
1328 3735 1356 3796 ὅ.
1382 3737 1441 3796 Erl.
1462 3738 1542 3799 verb.
1559 3761 1620 3800 om.
1636 3742 1703 3804 Eoo.
1723 3737 1765 3805 uli
1884 3753 1885 3762 ¹

375 3845 475 3924 ingen.
494 3847 535 3903 ita
551 3841 666 3902 Gruter.
693 3861 728 3900 ex
745 3839 855 3918 aliquot
871 3840 960 3898 Palut.
982 3847 1010 3896 et
1022 3840 1143 3918 plurimi
1158 3837 1240 3899 Leid.
1259 3838 1320 3898 Bas.
1334 3841 1362 3912 d.
1384 3841 1428 3902 uti
1443 3863 1504 3904 om.
1518 3843 1603 3910 Fabr.
1623 3848 1684 3912 ino.
1704 3846 1759 3910 Bet.

378 3971 404 4009 r.
424 3949 519 4010 Struv.
537 3949 608 4010 Vin.
622 3967 649 4005 a.
670 3949 767 4026 plura
781 3943 865 4002 Palu.
885 3940 953 4023 Teg.
973 3941 1070 4002 Turio.
1090 3942 1175 4003 Bern.
1191 3943 1221 4004 3.
1240 3927 1374 4006 Senatu
1394 3949 1478 4013 Vrat.
1490 3968 1517 4009 a.
1537 3949 1605 4011 Eoo.
1626 3951 1723 4020 Guell.
1736 3972 1758 4012 ι.

258 4105 264 4112 ,
350 4045 358 4054 ’
376 4075 404 4116 2.
419 4055 447 4126 4.
459 4055 489 4114 6,
509 4074 566 4133 quo
582 4053 681 4132 ingen.
700 4051 801 4112 Vinar.
819 4071 840 4108 r.
861 4045 945 4105 Beru.
960 4067 985 4105 t.
1007 4045 1111 4108 Franc.
1131 4047 1212 4130 Berg.
1234 4049 1331 4110 Guell.
1345 4057 1372 4114 3.
1393 4051 1475 4114 Laid.
1487 4054 1516 4115 k.
1536 4055 1590 4134 qui
1601 4055 1662 4136 ing.
1681 4057 1756 4119 Leid.

374 4181 416 4220 m.
430 4157 564 4236 utiflect.
585 4161 698 4237 aliquot
711 4155 789 4214 llirii
802 4144 874 4214 tibn'.
895 4151 961 4211 nob.
979 4152 1037 4211 loet.
1055 4164 1096 4214 est
1115 4153 1174 4214 hoo
1192 4154 1295 4214 ordine
1315 4158 1448 4238 plerique
1466 4156 1547 4220 Cort.
1569 4159 1626 4220 let.
1642 4163 1709 4224 nob.
1721 4170 1756 4224 etl

374 4266 453 4345 quod
473 4263 557 4325 Beru.
571 4264 599 4334 l.
620 4261 678 4320 laet.
692 4257 773 4318 nobie
785 4260 821 4321 cd
846 4253 907 4316 Bas.
924 4275 950 4315 ι.
971 4256 1074 4316 leutitia
1090 4267 1140 4320 ast.
1161 4267 1274 4320 estona
1293 4259 1496 4323 Pabr.1.Tur.
1517 4274 1558 4326 eet
1569 4267 1650 4328 noba}
1662 4267 1753 4329 Guell.
