3850 4867
1530 298 1576 376 ¹9

174 453 256 558 cuti
276 457 416 545 sontes,
441 456 733 546 circumvenire,
770 453 943 561 iugulare
954 485 965 548 3
987 451 1146 546 scilicet,
1171 479 1221 530 ne
1248 481 1319 560 per
1340 453 1463 531 otium
1497 471 1573 533 tor-

173 587 368 674 pescerent
393 597 529 647 manus
549 589 618 646 aut
641 570 813 660 animus,
850 568 1016 676 gratuito
1038 562 1165 674 potius
1186 571 1309 646 malus
1338 587 1455 673 atque
1484 597 1571 647 cru-

173 681 270 758 delis
302 703 391 760 erat.
442 687 510 762 His
532 686 661 761 amicis
688 685 875 789 sociisque
910 686 1072 760 confisus
1098 687 1286 776 Catilina,
1322 687 1436 761 simul
1465 686 1570 790 qnod

171 821 222 872 oes
242 800 410 877 alienum
439 829 511 907 per
532 801 655 877 omnis
684 817 799 876 terras
822 797 1067 906 ingemeret,
1101 817 1140 877 et
1164 801 1269 904 quod
1288 801 1463 905 plerique
1483 802 1568 878 Sul-

172 911 254 989 lani
280 916 433 1009 milites,
460 918 598 1021 largius
625 944 694 993 suo
725 916 811 1006 usi,
835 917 1060 1020 rapinarum
1084 933 1124 991 et
1146 917 1314 992 victoriae
1331 918 1464 993 veteris
1489 945 1568 994 mee
1592 1020 1594 1023 Ι

171 1053 312 1122 mores,
326 1032 435 1107 civile
455 1033 601 1106 bellum
614 1034 866 1136 exoptabant3
892 1031 1159 1136 opprimundae
1176 1033 1397 1137 reipublicae
1418 1033 1569 1108 consili-

171 1169 241 1216 um
261 1147 369 1249 cepit
408 1152 453 1222 In
473 1149 583 1222 Italia
609 1149 740 1223 nullus
764 1147 969 1222 exercitus:
1005 1149 1071 1222 Cn.
1102 1149 1301 1251 Pompeius
1328 1149 1371 1224 in
1395 1150 1569 1225 extremis

172 1259 280 1336 terris
305 1262 451 1336 bellum
466 1265 639 1369 gerebat:
666 1263 738 1367 ipsi
763 1263 1005 1336 consulatum
1028 1262 1173 1365 petenti
1203 1289 1339 1368 magna
1363 1289 1470 1367 spes:
1506 1265 1569 1339 Se·

169 1389 284 1449 natus
305 1376 405 1452 nihil
425 1405 515 1453 sane
536 1380 705 1453 intentus
726 1410 734 1450 :
756 1393 847 1450 tutae
866 1377 1161 1480 tranquillaeque
1183 1401 1240 1452 res
1267 1405 1413 1471 omnes;
1435 1379 1501 1454 sed
1524 1405 1567 1455 ea

168 1513 324 1589 prorsus
351 1485 568 1598 opportuna
600 1493 782 1569 Catilinae.
832 1492 954 1596 Igitur
975 1490 1126 1566 circiter
1144 1491 1333 1566 Kalendas
1357 1493 1503 1586 Iuniae,
1527 1497 1614 1592 L17

175 1603 319 1682 Caesare
337 1625 376 1683 et
395 1613 432 1684 C
452 1611 587 1715 Figulo
612 1608 855 1697 Consulibus,
878 1606 1004 1711 primo
1019 1605 1187 1710 singulos
1203 1603 1414 1710 adpellare:
1439 1609 1570 1686 horta-

170 1717 208 1792 ri
240 1719 352 1814 alios,
386 1724 479 1800 alios
513 1740 734 1828 temptare:
773 1747 861 1826 opes
883 1747 994 1813 suas,
1018 1722 1246 1825 imparatam
1268 1724 1571 1827 rempublicam,

170 1859 311 1940 magna
327 1841 482 1942 praemia
497 1838 770 1914 coniurationis
789 1837 931 1914 docere.
959 1837 1035 1911 Ubi
1051 1836 1139 1911 satis
1160 1836 1354 1940 explorata
1369 1857 1463 1914 sunt
1481 1867 1568 1944 qnae

168 1948 311 2044 voluit,
344 1954 386 2030 in
414 1983 539 2031 unum
572 1954 695 2030 omnis
722 1966 923 2042 convocat,
960 1951 1101 2054 quibus
1126 1978 1304 2036 maxuma
1332 1955 1569 2044 necessitudo

168 2081 210 2166 et
234 2065 447 2170 plurimum
463 2071 632 2146 audaciae
661 2069 792 2143 inerat.
833 2069 889 2142 Eo
920 2092 1130 2142 convenere
1150 2067 1336 2142 Senatorii
1359 2069 1503 2145 culinis
1526 2075 1565 2147 P.

164 2181 351 2261 Lentulus
371 2188 485 2278 Sura,
510 2191 546 2262 P.
572 2183 799 2271 Autronius,
822 2183 862 2256 L
889 2181 1034 2256 Cassius
1057 2181 1270 2286 Longinus,
1291 2184 1331 2259 C
1357 2182 1568 2290 Cethegus,

167 2297 207 2368 P.
227 2312 266 2372 et
282 2300 429 2377 Servius
457 2302 587 2392 Sullae,
624 2298 741 2374 Servii
759 2296 850 2388 filii,
875 2298 914 2371 L
935 2296 1207 2400 Vargunteius,
1241 2297 1287 2394 Q.
1306 2297 1479 2389 Annius,
1513 2301 1566 2376 M.
1622 2339 1628 2344 ·

165 2413 322 2493 Porcius
338 2419 461 2507 Laeca,
486 2419 525 2490 L
543 2416 678 2504 bestia,
704 2414 750 2508 Q.
774 2412 933 2488 Curius:
965 2427 1145 2514 praeterea
1170 2436 1215 2485 ex
1240 2412 1404 2514 equestri
1430 2413 1566 2509 ordino

165 2527 217 2604 Μ
241 2530 397 2606 Fulvius
418 2529 606 2622 Nobilior,
631 2533 670 2603 L
692 2527 877 2616 Statilius,
910 2528 947 2599 P.
969 2525 1160 2600 Gabinius
1183 2527 1339 2630 Capito,
1365 2530 1403 2604 C
1424 2531 1565 2609 Corne·

163 2746 200 2806 ei.
221 2747 302 2808 leid.
315 2770 340 2808 c.
352 2771 380 2830 g.
401 2749 488 2810 Palat.
502 2771 527 2809 2.
549 2751 610 2809 Bas.
629 2772 653 2809 ι.
680 2749 772 2810 Mari.
784 2763 815 2816 r.
831 2762 866 2812 Λ.
892 2747 976 2811 Rem.
993 2767 1019 2806 a.
1039 2746 1140 2809 Vinar.
1162 2767 1190 2807 2.
1217 2745 1314 2808 Guell‘.
1329 2750 1357 2810 5.
1372 2752 1452 2814 itaet
1463 2753 1565 2818 Rivius
1631 2774 1633 2777 ·

163 2869 198 2912 ex
212 2863 329 2932 mscrpt.
349 2851 445 2914 Turio.
461 2875 485 2913 ι.
614 2865 617 2882 ’
1200 2913 1204 2922 ,

227 2955 300 3038 Cap.
318 2957 363 3016 16.
384 2957 531 3019 sedatirw.
551 2958 619 3042 Teg.
640 2958 752 3019 Fabric.
774 2979 798 3017 1.
819 2957 973 3018 inlexerat.
993 2955 1055 3015 Bas.
1067 2976 1093 3015 ι.
1122 2955 1215 3016 maha
1226 2954 1382 3033 facinora.
1400 2957 1462 3031 Bne.
1475 2982 1501 3023 r.
1522 2981 1564 3024 m.

162 3082 219 3122 sec.
239 3062 410 3142 signatores.
431 3061 503 3144 Reg.
523 3063 591 3122 Tur.
609 3084 633 3120 ι.
645 3083 686 3120 m.
697 3084 743 3142 pr.
764 3063 910 3122 edocebat.
929 3061 992 3120 Bas.
1010 3081 1037 3119 r.
1055 3081 1096 3118 m.
1106 3079 1162 3121 sec.
1189 3069 1241 3120 out
1255 3081 1360 3123 moruss
1372 3073 1424 3123 aad
1435 3064 1563 3126 enimus.

162 3165 232 3230 Tur.
249 3188 274 3226 1.
295 3176 474 3248 torpesceret.
494 3167 575 3226 Leid.
586 3189 625 3226 m.
637 3189 668 3226 n.
689 3167 750 3225 Bas.
763 3187 788 3225 2.
799 3166 827 3236 4.
839 3165 867 3224 S.
889 3165 958 3223 Tur.
972 3184 1000 3223 2.
1020 3161 1105 3222 Bern.
1118 3185 1143 3223 1.
1162 3166 1280 3244 grume
1289 3185 1343 3245 per
1356 3187 1457 3229 omues
1468 3179 1563 3232 terras

160 3281 236 3333 erat.
257 3271 337 3331 leid.
352 3274 372 3329 l.
392 3271 534 3333 exercitus
543 3283 617 3331 erat.
637 3270 717 3330 Leid.
735 3267 765 3328 b.
774 3291 800 3330 c.
814 3269 843 3328 d.
855 3289 880 3328 e.
891 3269 912 3328 s.
924 3266 956 3327 h.
985 3267 1083 3327 Guelf.
1095 3266 1124 3327 3.
1138 3267 1167 3338 4.
1178 3269 1207 3333 6.
1219 3291 1247 3349 7.
1257 3269 1286 3328 8.
1297 3292 1326 3349 9.
1353 3269 1414 3330 Bas.
1427 3270 1457 3336 ὅ.
1472 3271 1558 3335 Febr.

162 3399 191 3438 2.
235 3375 319 3436 Rem.
335 3396 361 3436 2.
392 3374 510 3436 Eccard.
530 3377 598 3436 Tur.
616 3396 643 3434 2.
679 3374 764 3433 liern.
790 3393 814 3431 ι.
840 3392 866 3432 2.
898 3371 1201 3432 tmaabetstnat.
1216 3392 1242 3432 2.
1263 3372 1382 3434 Eocard.
1399 3385 1428 3435 et
1445 3375 1507 3438 Bas.
1530 3399 1557 3445 1.

162 3481 286 3542 bem-1·
307 3482 442 3559 primitus
450 3479 588 3546 deletum.
609 3480 705 3540 Guelf.
721 3498 766 3538 22.
787 3495 898 3556 magite
909 3496 971 3557 spes
978 3485 1053 3535 erat.
1070 3475 1152 3536 leid.
1165 3497 1191 3536 c.
1207 3497 1235 3560 g.
1245 3488 1274 3537 et
1289 3497 1336 3537 sex
1348 3477 1442 3541 Cottii
1452 3494 1557 3564 macpt

160 3585 246 3648 Bern.
257 3605 284 3645 2.
305 3585 389 3645 Paris.
400 3587 429 3646 6.
448 3585 566 3664 petenti.
587 3585 674 3644 Palat.
687 3603 714 3641 2.
727 3582 755 3642 5.
777 3579 873 3641 Guelf.
884 3581 914 3640 6.
935 3581 1020 3640 Paris.
1031 3601 1058 3641 e.
1075 3579 1196 3658 pecudi
1206 3590 1235 3640 et
1251 3600 1338 3663 supra
1349 3584 1556 3665 obprimemtoe.

162 3689 225 3755 uas.
238 3710 264 3749 ι.
285 3711 349 3770 opp.
369 3690 449 3750 catil.
462 3677 558 3750 aaut.
579 3687 659 3750 Loid.
670 3685 737 3747 cd.
750 3683 818 3769 gh.
835 3703 916 3744 m.n.

3 3807 4 3812 ‘
52 3831 55 3836 ·
180 3789 184 3798 ’
242 3815 375 3901 εφη.
394 3818 484 3879 rama
503 3816 615 3878 roa..
636 3814 732 3875 suar.
747 3813 775 3872 5.
787 3813 815 3873 s.
835 3810 904 3870 rur.
921 3831 946 3871 ι.
969 3807 1046 3870 cuo
1058 3809 1127 3871 rar.
1142 3832 1168 3871 t.
1185 3812 1297 3892 patmos
1310 3815 1468 3895 aaaron
1489 3818 1559 3881 aa.

159 3933 309 4002 temptare.
329 3921 398 3982 Tur.
413 3945 439 3982 1.
459 3922 521 3982 Bas.
536 3943 561 3980 ι.
574 3941 602 3981 2.
616 3919 644 3980 3.
673 3917 807 3979 audacia
824 3915 929 3976 inerat.
949 3934 1052 3974 omnes
1071 3914 1153 3974 teid.
1167 3925 1197 3976 et
1217 3916 1279 3977 Bae.
1301 3918 1386 3980 Paris.
1407 3919 1465 3981 llrl.
1485 3922 1557 4007 Teg.

156 4027 227 4087 Tur.
244 4049 270 4086 ι.
286 4047 313 4087 2.
334 4025 418 4086 Rern.
432 4048 458 4086 1.
472 4047 500 4086 2.
510 4025 538 4086 3.
550 4025 578 4096 4.
598 4021 769 4083 Acerronius.
789 4020 901 4081 Fabrie.
913 4041 939 4084 ι.
966 4017 1050 4079 Rem.
1064 4039 1091 4078 2.
1121 4019 1218 4080 Senot
1235 4043 1261 4081 ι.
1290 4021 1390 4083 Vinar.
1405 4046 1430 4084 ι.
1458 4025 1555 4095 Gnell,

160 4154 186 4194 ι.
200 4151 227 4194 2.
238 4132 267 4204 4.
282 4133 311 4192 5.
331 4133 417 4193 ceteri
431 4133 477 4192 vel
490 4113 654 4190 Antmrffus
666 4130 712 4190 vel
726 4124 881 4188 memus.
901 4123 937 4185 P.
953 4133 981 4184 et
995 4121 1110 4188 Servius
1123 4121 1231 4198 Sullae,
1249 4123 1415 4204 Servir'filii.
1432 4129 1514 4193 Leid.
1526 4152 1554 4195 c.

1181 4227 1209 4287 ’lt
