3850 4867
1458 334 1528 426 287

150 496 222 568 ³¹¹⁸?
264 504 325 578 An
357 506 438 584 ulla
468 512 543 588 alia
564 532 676 619 putas
699 542 773 593 esse
797 516 1016 592 rudimenta
1041 530 1079 589 et
1106 512 1343 589 incunabula
1369 508 1534 600 virtutis,

148 614 275 711 quihus
294 628 414 705 animi
434 634 484 710 ad
502 638 631 743 gloriae
651 640 900 745 cupiditatem
923 640 1106 715 aluntur?
1129 635 1372 713 Sedrninime
1387 634 1531 707 mirum

146 753 206 829 ⁰⁸⁸2
229 748 354 827 Patres
368 761 591 865 conscripti,
616 763 798 855 sibama,
824 765 892 867 qni
907 763 1060 839 desidiae
1075 789 1121 836 ac
1138 761 1300 835 luxuria:
1321 758 1457 862 plenus
1468 755 1532 845 sit,
1608 790 1617 803 =
1676 798 1680 805 -

144 853 215 938 haec
236 888 281 946 ut
303 902 400 954 nova
422 900 538 986 atque
564 886 743 962 inusitata
769 888 940 962 miratur.
990 889 1088 961 Nam
1117 883 1222 987 quod
1248 885 1317 957 ista
1349 880 1530 955 inusitata

142 986 237 1066 rabie
254 1003 473 1099 petulanter
494 1007 536 1084 in
561 1036 718 1085 uxorem
738 1028 777 1086 et
797 992 838 1086 in
864 1010 985 1085 filiam
1010 1036 1134 1085 meam
1158 1006 1344 1096 invasisti,
1368 1030 1454 1108 quoe
1475 1002 1531 1077 sa·

142 1107 241 1191 cilius
260 1125 437 1203 mulieres
459 1156 497 1206 se
519 1160 540 1206 a
558 1134 648 1209 viris
668 1134 951 1225 abstinuerunt,
977 1160 1094 1236 quam
1120 1149 1165 1206 tu
1183 1132 1242 1206 vir
1263 1154 1285 1203 a
1310 1129 1401 1203 viris
1408 1160 1419 1220 ;
1443 1126 1531 1201 satis

142 1228 242 1314 docte
264 1272 309 1320 ac
330 1250 450 1352 perite
474 1252 601 1329 fecisti.
638 1258 725 1332 Non
749 1257 852 1333 enim
874 1284 935 1333 me
954 1253 1307 1359 sperasti‘mutuam
1330 1251 1400 1324 tibi
1417 1248 1531 1352 grati·

139 1378 194 1432 ³111
214 1368 443 1465 relaturum,
470 1394 516 1451 ut
534 1379 696 1457 vicissim
715 1396 799 1457 tuas
822 1379 1089 1484 conpellarem
1113 1380 1238 1452 Unus
1260 1374 1365 1449 enim
1385 1373 1473 1446 satis
1492 1396 1529 1447 et

140 1491 296 1566 materiae
323 1494 490 1574 habens:
524 1530 649 1607 neque
669 1504 876 1607 quicquam
904 1504 1055 1607 turpius
1084 1518 1139 1576 est
1166 1499 1269 1574 domi
1295 1514 1386 1586 tuae,
1411 1522 1529 1600 quam

140 1616 185 1679 tlt
221 1614 392 1694 Multum
414 1638 451 1697 te
469 1652 558 1701 vero
580 1627 711 1731 opinio
736 1627 856 1727 fallit,
890 1627 957 1731 qui
989 1623 1086 1698 mihi
1109 1648 1244 1728 parare
1264 1620 1406 1725 putasti
1432 1620 1530 1693 invi·

137 1724 234 1809 diam
254 1766 300 1814 ex
319 1770 401 1820 mea
421 1772 463 1822 re
480 1748 682 1824 familiari:
708 1776 795 1852 quoe
813 1750 937 1824 multo
957 1746 1054 1824 mihi
1078 1748 1206 1820 minor
1223 1761 1295 1835 ast,
1320 1770 1438 1847 quam
1459 1742 1530 1818 haa
1572 1762 1578 1771 '

138 1850 219 1932 bere
237 1861 373 1967 dignus
400 1896 494 1945 stim.
533 1877 658 1975 Atque
677 1873 828 1947 utinam
854 1900 903 1947 ne
929 1888 1034 1947 tanta
1066 1871 1223 1973 quidem
1246 1885 1356 1958 essct,
1383 1885 1527 1971 quanta

137 1995 200 2053 est:
226 1988 284 2059 uti
306 1991 433 2092 potius
454 1996 567 2071 amici
588 1997 663 2071 mei
679 1997 864 2087 viverent,
889 2024 1007 2099 quam
1038 2022 1106 2100 ego
1138 1993 1366 2070 testamentis
1396 2017 1529 2064 eorum

138 2094 359 2209 locupletior
379 2121 515 2191 essem!
554 2120 634 2225 Ego
656 2120 788 2225 fugax,
814 2124 851 2196 C.
878 2121 1042 2195 Salustii
1076 2117 1214 2194 Furori
1235 2114 1380 2189 tribuni
1403 2111 1528 2217 plebei

137 2231 241 2304 cesi:
266 2237 400 2313 utilius
418 2238 528 2331 duxi,
554 2246 725 2345 quamvis
745 2243 941 2319 fortunam
963 2268 1065 2317 unus
1087 2240 1274 2344 experiri,
1299 2264 1416 2339 quam
1439 2234 1529 2309 uni·

137 2370 234 2429 verso
251 2361 397 2463 populo
414 2364 585 2439 Romano
604 2366 724 2441 civilis
739 2392 852 2441 essem
869 2366 1107 2441 dissensionis
1123 2388 1266 2439 caussa:
1283 2361 1371 2463 qui,
1384 2375 1529 2462 postea-

136 2496 246 2573 quam
266 2481 333 2559 ille
352 2510 465 2561 suum
483 2516 631 2563 annum
652 2490 693 2566 in
711 2490 906 2593 republica
923 2486 1198 2593 perbacchatus
1216 2502 1287 2573 est,
1313 2484 1528 2585 omniaque,

138 2622 218 2698 quae
238 2627 509 2700 commoverat,
535 2638 628 2714 pace
658 2628 696 2687 et
720 2614 798 2687 otio
823 2612 1060 2705 resederunt3
1092 2609 1167 2685 hoc
1192 2609 1327 2684 culiae
1353 2632 1529 2680 revocan-

139 2732 183 2811 ῑθ,
208 2744 321 2833 atque
348 2732 427 2835 ipsa
454 2733 650 2837 republica
676 2762 796 2813 manu
819 2733 1036 2811 retrahente
1059 2760 1139 2824 mc,
1167 2733 1312 2807 reverti.
1353 2729 1432 2825 Qui
1458 2730 1528 2803 mi-

139 2839 175 2920 hi
193 2850 285 2944 dies,
309 2855 341 2929 si
365 2881 455 2932 cum
475 2858 581 2932 omni
602 2857 748 2962 reliqua
766 2858 843 2934 rita
859 2858 1097 2947 conferatur,
1115 2856 1245 2933 animo
1264 2854 1420 2957 quidem
1445 2880 1528 2929 meo

137 2992 296 3074 superet,
322 3004 412 3054 cum
428 2980 594 3056 universi
615 3007 679 3056 vos
698 2982 940 3086 populusque
961 2984 1154 3057 Romanus
1169 2980 1346 3081 frequens
1361 2978 1527 3052 adsuntu
1638 2994 1655 3009 ⁸

139 3120 214 3174 meo
246 3104 457 3206 gratulatus
485 3120 547 3179 est.
583 3104 699 3178 Tanti
722 3133 783 3179 me
802 3104 992 3209 fugacem,
1018 3104 1296 3180 mercenarium
1318 3118 1527 3204 patronum

135 3225 372 3320 estimarunt.
408 3230 538 3331 Neque
556 3225 712 3303 hercule
734 3228 876 3303 mirum
898 3244 970 3318 est,
996 3229 1027 3304 si
1051 3256 1118 3333 ego
1140 3253 1286 3331 semper
1306 3227 1420 3299 iustas
1446 3226 1554 3308 orn-l

138 3344 240 3423 nium
256 3350 441 3425 amicitias
460 3351 676 3426 existimavi.
708 3354 793 3428 Non
816 3353 920 3428 enim
935 3354 1006 3427 uni
1019 3353 1199 3457 privatim
1216 3351 1417 3426 ancillatus
1429 3374 1529 3436 sum,

140 3493 256 3577 neque
274 3500 335 3549 me
353 3474 507 3549 addixi:
530 3475 596 3551 sed
620 3493 810 3578 quantum
830 3476 992 3579 quisque
1018 3476 1238 3581 reipublicae
1252 3472 1419 3564 studuit,
1444 3488 1528 3547 tan·

138 3604 211 3671 turn
234 3596 331 3673 mihi
348 3598 424 3675 luit
444 3614 512 3675 aut
527 3598 670 3674 amicus
690 3615 759 3673 aut
778 3598 964 3674 inimicus.
1003 3602 1082 3705 Ego
1101 3596 1201 3674 nihil
1223 3598 1310 3703 plus
1332 3596 1439 3672 volui
1465 3622 1528 3671 ra·

138 3816 207 3879 libri.
225 3821 346 3902 sperasti
362 3840 407 3880 mc
426 3820 506 3881 Laid.
517 3842 543 3882 c.
573 3821 768 3901 conpellarem
782 3820 863 3885 Icid.
880 3844 906 3881 c.
927 3830 991 3881 tuos
1004 3841 1097 3901 coarp.
1118 3820 1197 3885 Gud.
1218 3820 1322 3880 domiti
1334 3830 1401 3881 tatae
1417 3819 1533 3901 turpius.

138 3916 192 3983 Bas.
214 3926 293 3987 laid.
308 3948 334 3985 c.
357 3926 480 3985 multum
494 3916 603 3986 vero'te
622 3926 708 3986 bem.
729 3926 780 3986 Ac.
800 3924 862 3985 Bas.
883 3926 989 4005 opinor
1001 3926 1072 3991 salli
1090 3924 1206 3983 Laide.
1225 3924 1423 4002 opinorsallit
1441 3923 1525 3992 Rem,

139 4024 181 4087 dc.
198 4029 426 4109 pararepzttarrt
444 4030 505 4090 bas.
525 4031 607 4091 Laid.
620 4052 647 4090 c.
666 4030 748 4090 milti
762 4030 853 4091 mullo
871 4030 979 4090 mittor.
1000 4030 1064 4089 Bas.
1092 4030 1127 4090 0.
1149 4030 1261 4089 Salusti
1280 4026 1340 4088 Bas.
1363 4030 1527 4091 residerent

136 4128 208 4193 Gud.
226 4136 276 4195 hc.
296 4134 357 4214 ipsa
372 4153 464 4199 mauu
479 4156 510 4215 p.
530 4134 567 4195 R.
585 4136 751 4195 retraloente
771 4134 845 4193 Cod.
867 4133 1063 4217 Oudendorp.
1083 4144 1283 4195 uestiemur-unt
1303 4135 1364 4195 Bas.

142 4232 205 4317 Cup.
220 4238 398 4311 lucrantes
418 4239 483 4304 Bas..
500 4238 645 4299 anricitias
662 4237 817 4299 aestimari
830 4237 892 4297 Bas.
912 4248 966 4299 aut
980 4216 1092 4301 cinicus
1108 4250 1158 4301 oid
1174 4238 1358 4301 odrcrsariias
1374 4240 1436 4300 Bas.
1456 4252 1531 4303 vett.
