3850 4867
388 305 458 382 106

380 484 558 564 omnium
580 507 763 588 generum
782 507 999 589 expugnare
1024 483 1260 589 adgreditur:
1287 508 1464 559 maxume
1484 481 1665 558 festinans
1689 496 1789 556 tem·
1902 525 1903 574 p

381 636 454 716 pus
477 609 689 715 legatorum
710 623 950 712 antecapere,
974 635 1069 713 quos
1096 625 1185 684 ante
1208 607 1386 713 praelium
1407 607 1552 683 factum
1574 607 1623 682 ab
1638 603 1789 682 Adher·

382 735 468 812 bale
482 736 643 809 Romam
658 732 787 809 missos
805 731 1013 808 audiverat
1051 731 1123 809 Sed
1139 749 1343 836 postquem
1355 733 1513 808 Senatus
1530 731 1578 808 de
1597 729 1699 806 bello
1719 755 1787 806 eo-
1865 821 1867 824 ¹
1902 741 1903 768 ¹

382 887 474 938 runt
493 857 658 963 accepit,
692 871 765 934 tres
789 857 1047 934 adulescentes
1069 856 1112 934 in
1136 855 1305 934 Africam
1326 855 1532 962 legantur:
1557 856 1626 961 qui
1652 855 1790 931 ambos

382 1007 485 1089 reges
510 981 840 1074 adeant,Senatus
862 981 1075 1088 populique
1093 981 1256 1057 Romani
1274 981 1397 1058 verbis
1417 980 1628 1058 nuncient:
1652 975 1789 1070 „Velle
1902 1043 1903 1048 ,

381 1125 420 1184 ct
439 1131 607 1194 censere,
628 1129 690 1179 eos
709 1105 758 1178 ab
784 1105 898 1180 armis
918 1105 1129 1182 discedere:
1156 1104 1204 1181 de
1229 1107 1488 1182 controversiis
1510 1107 1586 1183 suis
1613 1107 1696 1183 iure
1714 1133 1790 1210 po-
1902 1117 1903 1158 ³

336 1280 372 1320 2,
386 1230 460 1307 tius
481 1257 604 1335 quam
623 1228 725 1303 bello
751 1228 976 1334 disceptare:
1002 1229 1055 1304 ita
1083 1254 1198 1332 seque
1226 1227 1379 1333 illisque
1404 1229 1565 1337 dignum
1588 1235 1688 1308 csse!
1718 1231 1794 1304 Ire-

382 1358 460 1462 gati
484 1354 526 1428 in
550 1352 719 1428 Africam
734 1369 969 1428 maturantes
987 1353 1163 1443 veniunt,
1185 1379 1230 1429 eo
1250 1353 1388 1459 magis,
1406 1355 1511 1459 quod
1526 1358 1675 1448 Romae,
1689 1355 1790 1434 dum
1902 1373 1903 1416 ³

382 1477 571 1584 proficisci
590 1493 748 1580 parant,
776 1476 824 1552 de
844 1476 976 1581 praelio
1011 1476 1113 1552 facto
1134 1493 1173 1550 et
1194 1477 1482 1583 oppugnatione
1517 1479 1630 1555 Cirtae
1658 1481 1795 1557 audic-

382 1606 521 1697 batur;
551 1600 623 1678 scd
659 1599 689 1674 is
721 1627 855 1676 mmor
888 1601 1054 1676 clemens
1084 1616 1174 1674 erat
1225 1601 1404 1698 Quorum
1424 1601 1610 1708 Iugurtha
1633 1623 1795 1709 accepta

367 1720 558 1807 'oratione
580 1721 811 1829 respondit:
847 1781 867 1814 „
888 1723 969 1799 Sibi
990 1750 1114 1827 neque
1143 1724 1265 1799 maius
1288 1725 1497 1829 quicquam
1524 1753 1649 1830 neque
1667 1730 1798 1804 carius

383 1851 610 1930 auctoritate
630 1847 777 1923 Senati:
800 1848 851 1925 ab
871 1847 1128 1922 adulescentia
1150 1847 1204 1922 ita
1220 1874 1258 1924 se
1286 1850 1455 1940 enisum,
1476 1851 1534 1925 uti
1558 1851 1607 1924 ab
1630 1869 1795 1956 optumo

380 2003 539 2084 quoque
560 1973 803 2078 probaretur:
828 1972 970 2048 virtutc
986 1998 1066 2046 non
1087 1971 1233 2048 malitia
1250 1975 1287 2046 Ρ.
1304 1972 1494 2076 Scipioni,
1517 1999 1666 2052 summo
1688 1957 1796 2068 biro,

274 2151 277 2156 -
380 2101 586 2208 placuisse:
614 2098 663 2172 ob
685 2093 834 2171 easdem
858 2094 949 2170 artis
963 2095 1013 2170 ab
1026 2095 1206 2199 Micipsa,
1225 2123 1305 2172 non
1317 2098 1481 2202 penuria
1502 2097 1729 2193 liberorum,
1751 2103 1795 2179 in

383 2251 547 2331 regnum
570 2221 796 2324 adoptatum
817 2245 912 2295 esse:
938 2220 1117 2294 Ceterum
1139 2247 1217 2322 quo
1240 2220 1352 2323 plura
1384 2220 1482 2295 bene
1504 2238 1621 2325 atquc
1638 2241 1798 2304 strenue
1902 2229 1903 2238 ’

383 2351 552 2437 fecisset,
577 2372 621 2421 eo
642 2345 818 2420 animum
842 2368 958 2418 suum
981 2341 1164 2417 iniuriam
1183 2343 1312 2419 minus
1334 2343 1514 2419 tolerare:
1536 2345 1797 2426 Adherbalem

383 2473 484 2552 dolis
515 2470 604 2546 vitae
638 2493 715 2545 suae
742 2465 992 2561 insidiatum,
1021 2464 1128 2573 quod
1157 2465 1227 2542 ubi
1257 2467 1516 2575 comperisset,
1545 2472 1684 2549 ‚sceleri
1714 2475 1797 2552 cius

384 2671 481 2734 Stant.
502 2673 541 2730 ita
558 2669 673 2729 Grntrr.
701 2668 786 2732 Bern.
801 2689 826 2726 1.
840 2672 868 2731 3·
890 2667 982 2730 wan.
1001 2676 1030 2728 ct
1048 2667 1168 2728 Haverc.
1189 2667 1354 2728 ediderunt.
1367 2669 1453 2746 sord
1469 2671 1574 2730 bellum
1594 2675 1681 2734 ceteri
1700 2671 1796 2736 Cottii

385 2776 464 2841 libri.
484 2777 553 2836 Tur.
576 2775 682 2835 bellum
696 2766 773 2834 delet
783 2773 865 2837 Leid.
877 2774 898 2830 l.
919 2773 956 2831 ob
972 2769 1104 2835 Adlrerb.
1125 2793 1248 2853 praepos.
1259 2792 1319 2831 om.
1334 2773 1401 2833 Ecc.
1423 2773 1520 2834 Guels.
1531 2777 1559 2846 l.
1582 2776 1665 2837 Fabr.
1678 2800 1703 2838 ι.
1724 2779 1797 2864 Bag.

385 2881 474 2944 Rom.
493 2881 574 2948 Adb.
596 2879 673 2939 miss.
694 2877 752 2939 boc
773 2878 878 2939 ordine
890 2875 1001 2942 Fabric.
1030 2877 1197 2958 etquidem
1217 2879 1267 2936 alii
1281 2898 1315 2936 ex
1331 2877 1412 2944 Cort.
1433 2879 1494 2940 Bas.
1509 2882 1540 2952 4.
1556 2881 1625 2940 Τιιι.
1645 2884 1718 2944 bollo
1735 2906 1797 2946 cor.

385 3005 450 3047 acc.
471 3007 557 3068 pron.
572 3007 632 3046 om.
643 2984 739 3044 Gucll.
750 2989 778 3050 3.
798 2982 879 3044 Leid.
891 3004 918 3041 a.
939 2981 1025 3041 ambo
1041 2979 1137 3041 Guell.
1149 2981 1178 3056 4.
1201 3004 1241 3042 ιιι.
1250 3002 1296 3064 pr.
1319 2983 1357 3042 dc
1373 2986 1711 3067 contrua-disceptare.
1733 2987 1796 3051 hcc

387 3112 451 3152 non
466 3095 602 3175 leguntur
616 3089 725 3152 inPal.
741 3101 770 3149 et
783 3087 887 3149 Wassii
907 3086 1001 3147 libris.
1022 3086 1083 3145 Bae.
1097 3087 1161 3158 ul.
1184 3087 1268 3148 Fabr.
1283 3090 1341 3153 inc.
1361 3087 1447 3150 Rem.
1464 3091 1531 3155 Sen.
1551 3111 1575 3149 ι.
1596 3092 1678 3152 Vrat.
1699 3093 1796 3156 Guelf.

387 3195 468 3257 Laid.
478 3219 506 3262 a.
521 3195 552 3255 b.
565 3219 582 3258 c
607 3195 638 3255 d.
648 3217 679 3255 o.
692 3195 711 3253 l.
726 3191 757 3254 h.
773 3194 795 3252 i.
809 3192 836 3252 k.
852 3196 873 3252 l.
893 3191 962 3274 Teg.
984 3189 1057 3256 Tur.¹
1075 3190 1158 3250 Bern.
1170 3191 1199 3252 3.
1219 3191 1270 3250 sed
1289 3194 1429 3275 leguntur
1442 3196 1475 3254 in
1491 3195 1592 3256 Vinar.
1606 3217 1634 3257 a.
1655 3199 1753 3260 Senat.
1767 3221 1795 3262 ι.

387 3303 487 3367 lleuss.
507 3301 611 3362 Franc.
631 3310 719 3382 atque
731 3298 763 3357 in
779 3299 909 3379 margine
925 3295 1022 3359 Guell.
1034 3295 1062 3355 3.
1087 3296 1183 3358 Struv.
1209 3294 1299 3356 lead.
1318 3299 1399 3358 Leid.
1414 3321 1442 3380 g.
1461 3321 1501 3364 ιιι.
1516 3321 1547 3366 ιι.
1578 3302 1664 3364 Bern.
1682 3325 1708 3364 1.
1737 3306 1796 3368 Erl·

382 3406 484 3484 itaque
501 3405 587 3465 Fabr.
604 3426 629 3464 ι.
651 3402 740 3463 lead.
762 3400 865 3462 Franc.
891 3393 988 3467 Guelt
1000 3399 1029 3462 5.
1046 3421 1091 3466 ιι.
1118 3399 1237 3462 Laida.
1251 3421 1277 3464 c.
1292 3421 1318 3463 e.
1331 3423 1372 3463 m.
1404 3405 1473 3487 Tcg.
1495 3404 1564 3466 Tur.
1591 3404 1797 3492 dignumfom

387 3509 454 3571 Ecc.
475 3508 573 3574 Guell',
584 3509 613 3569 ὅ.
633 3507 748 3568 Fabric.
760 3527 787 3567 2·
1133 3515 1134 3520 ’

451 3635 526 3718 Cap.
540 3658 586 3704 aa.
608 3656 695 3716 eoquo
708 3635 803 3715 magis
821 3633 872 3696 dc.
892 3643 922 3694 ct
940 3636 1094 3716 deoppug.
1116 3631 1206 3694 idem.
1228 3635 1388 3696 undtbotur
1402 3637 1499 3700 Guell.
1510 3641 1539 3712 l.
1563 3663 1667 3705 rumor
1677 3649 1794 3710 demens

388 3744 477 3806 multi
496 3742 575 3802 libri.
596 3751 673 3802 orat.
689 3749 798 3820 accept.
818 3739 888 3797 Tur.
910 3738 1005 3798 maius
1024 3739 1125 3819 quidq.
1145 3759 1234 3820 pron.
1252 3760 1313 3799 om.
1331 3739 1437 3802 Accad.
1466 3763 1529 3808 cor.
1545 3748 1646 3828 quido.
1673 3750 1794 3813 Βοιώ.

387 3849 486 3911 Senot.
498 3870 525 3908 ι.
545 3849 645 3908 tteuo.
665 3845 763 3934 cortils
774 3863 832 3906 estc
844 3853 960 3906 auctor.
980 3843 1066 3903 Fabr.
1082 3865 1107 3903 1.
1128 3845 1187 3908 inc.
1202 3865 1228 3912 ι.
1249 3844 1325 3928 Teg.
1339 3845 1398 3905 Erl.
1419 3847 1515 3910 Turio.
1537 3847 1599 3910 Bas.
1613 3852 1642 3924 l.
1663 3875 1725 3917 son.
1737 3877 1792 3920 esse

388 3954 470 4016 teta.
481 3976 507 4015 c.
521 3954 550 4012 ι.
560 3954 583 4012 ι.
604 3952 666 4014 aas.
685 3974 709 4013 t.
739 3952 774 4011 tn
787 3971 878 4031 regam
893 3951 993 4029 adopt.
1015 3948 1112 4010 cunr.
1125 3949 1154 4021 ι.
1174 3969 1218 4010 10.
1239 3951 1339 4014 van...
1366 3952 1482 4016 nats.
1509 3931 1599 4016 aaa}
1619 3959 1715 4026 stru..
1735 3965 1793 4025 an,

391 4080 421 4123 ι.
441 4060 544 4120 arana.
565 4057 645 4118 tera.
656 4056 686 4117 a.
695 4079 721 4118 ο.
733 4055 764 4116 ι.
779 4079 821 4116 m.
842 4054 926 4119 aon.
942 4055 1078 4118 narra.
1099 4053 1179 4114 aaz.
1194 4075 1257 4114 sua.
1279 4058 1365 4117 muro
1379 4057 1475 4117 cota.
1498 4064 1578 4138 quoa
1588 4046 1681 4146 pam
1700 4067 1795 4130 sama

388 4187 421 4231 ι.
440 4165 525 4233 Rem.
538 4187 564 4232 1.
586 4163 697 4227 Fabric.
710 4184 735 4223 1.
755 4160 836 4228 Vrat.
848 4183 875 4224 1.
896 4157 948 4223 dc.
969 4159 1066 4227 Strur.
1085 4159 1146 4221 inc.
1168 4163 1271 4224 Franc.
1300 4159 1367 4226 Eoo.
1398 4160 1535 4232 Gratti.
1552 4169 1620 4248 ad.
1640 4192 1687 4235 ιι.
1715 4172 1793 4244 laid,
