3850 4867
1513 359 1562 434 63

160 520 288 604 Nolite
307 530 548 625 existumare,
572 535 733 613 maiores
761 553 906 614 nosnos
940 535 1054 612 armis
1077 535 1356 640 rempublicam
1374 561 1421 611 ex
1443 563 1562 640 parva

161 677 342 757 magnam
366 657 501 734 fecisse.
536 660 603 735 si
591 677 644 736 rta
675 685 732 738 res
747 677 856 774 esset,
883 661 1034 736 multo·
1026 659 1356 801 pulcherrumam
1379 687 1464 736 eam
1492 685 1563 738 nos

161 772 418 856 haberemus:
446 784 591 888 quippe
616 785 806 894 sociorum
831 803 947 890 atque
979 783 1141 875 civium,
1165 801 1345 888 praeterea
1366 811 1565 877 armorum
1628 765 1633 771 ⁸

159 917 280 1004 atque
300 931 489 1008 equorum
510 909 633 983 maior
650 910 760 986 nobis
779 910 888 1014 copia
905 937 1023 1013 quam
1039 909 1124 983 illis
1155 908 1228 984 Sed
1245 908 1320 983 alia
1339 907 1463 1004 fuere,
1476 935 1564 1011 quae

162 1027 249 1101 illos
267 1055 425 1134 magnos
448 1031 587 1124 fecere3
614 1057 701 1135 quae
719 1034 829 1110 nobis
852 1033 961 1109 nulla
985 1049 1099 1108 sunt:
1121 1032 1225 1108 domi
1249 1032 1457 1123 industria,
1473 1034 1564 1108 foris

159 1153 307 1228 iustum
321 1154 543 1260 imperium:
567 1158 718 1233 animus
737 1157 778 1232 in
792 1155 1026 1232 consulendo
1047 1156 1164 1246 liber,
1183 1183 1310 1260 neque
1326 1157 1477 1248 delicto,
1498 1184 1564 1233 ne·

160 1304 241 1380 quc
256 1278 425 1355 lubidinr
438 1282 634 1356 obnoxius.
669 1285 741 1357 Pro
758 1281 817 1356 his
838 1307 908 1357 nos
930 1279 1114 1356 habemus
1132 1281 1326 1355 luxuriam
1340 1298 1456 1384 etque
1477 1309 1563 1359 ava·

158 1403 473 1508 ritiam3publice
483 1422 699 1510 egestatem,
710 1405 889 1511 privatim
906 1405 1167 1511 opulentiam
1182 1404 1384 1480 laudamus
1395 1404 1563 1498 divitias,

132 1623 137 1629 ι
158 1528 359 1630 sequimur
371 1529 569 1622 inertiam3
583 1531 683 1606 inter
701 1532 820 1606 bonos
834 1546 872 1606 et
886 1530 1005 1605 malos
1020 1529 1224 1605 discrimen
1243 1528 1422 1625 nullum3
1435 1529 1563 1626 omnia

157 1653 313 1727 virtutis
337 1655 494 1758 praemia
518 1655 678 1728 ambitio
701 1656 870 1760 possidet
906 1657 1037 1758 Neque
1058 1646 1313 1745 mirum5'ubi
1330 1680 1394 1729 vos
1415 1680 1565 1758 separa-

160 1776 233 1849 tim
264 1776 335 1852 sibi
366 1779 527 1882 quisque
557 1779 759 1854 consilium
782 1780 931 1882 capitis,
956 1777 1025 1854 ubi
1052 1777 1158 1853 domi
1187 1776 1466 1881 voluptatibus,
1492 1776 1565 1853 hic

158 1901 351 2005 pecuniae,
386 1919 454 1975 aut
479 1903 609 2006 gratim
638 1903 801 1996 servitis3
825 1929 869 1978 eo
892 1902 946 1992 lit,
983 1916 1029 1976 ut
1055 1901 1217 2003 impetus
1239 1900 1306 1975 liat
1331 1902 1374 1976 in
1404 1928 1564 1976 vacuam

159 2025 449 2129 rempublicam.
493 2025 566 2104 Sed
589 2053 656 2131 ego
676 2025 758 2102 brec
779 2026 924 2101 omitto.
967 2024 1222 2101 Coniuravere
1243 2023 1544 2100 nobilissumi
1510 2055 1566 2100 cr·

159 2176 222 2225 ret
242 2149 460 2260 patriam
432 2150 656 2225 incendere:
691 2151 895 2252 Gallorum
920 2165 1070 2255 gentem
1097 2148 1387 2224 infestissumam
1413 2150 1563 2226 nomini

159 2275 334 2350 Romano
356 2273 405 2348 ad
426 2249 573 2349 bellum
597 2291 816 2368 accersunt;
843 2274 923 2350 dux
939 2272 1109 2348 bostium
1129 2299 1243 2376 supra
1264 2290 1382 2376 caput
1402 2288 1480 2349 est:
1499 2300 1563 2351 ros

160 2399 399 2475 cunctamini
421 2400 536 2474 etiam
555 2425 681 2488 nunc,
706 2398 834 2501 quid
823 2415 925 2473 rntra
950 2395 1094 2472 moenia
1123 2394 1367 2500 adprehensis
1392 2395 1565 2491 hostibus

161 2523 337 2600 faciatis?
361 2521 616 2598 Misereamini
630 2525 761 2596 c'cnseo
773 2555 781 2595 ε
795 2521 989 2623 deliquere
1005 2517 1180 2595 homines
1198 2519 1475 2598 adulescentuli
1496 2550 1565 2628 per

160 2647 435 2739 ambitionem,
460 2663 575 2748 atque
596 2646 712 2720 etiam
738 2637 900 2718 armatos
919 2643 1128 2718 dimittatis
1165 2644 1221 2719 Nc
1240 2643 1308 2718 ista
1333 2646 1440 2721 vobis
1454 2673 1564 2723 mun-

159 2771 323 2850 suetudo
342 2788 380 2846 et
408 2769 683 2859 misericordia,
708 2769 738 2842 si
765 2766 822 2840 illi
846 2794 950 2840 arma
977 2766 1170 2869 ceperint,
1195 2767 1236 2840 in
1263 2768 1454 2845 miseriam
1479 2797 1566 2846 ror·

161 2915 224 2974 tet
263 2894 412 2972 Scilicet
435 2919 491 2970 res
514 2893 592 2998 ipsa
612 2919 742 2998 aspera
769 2876 841 2985 est3
865 2890 929 2965 sed
950 2915 1015 2964 ros
1045 2916 1125 2964 non
1149 2889 1288 2966 timetis
1310 2919 1403 2968 earn.
1441 2897 1564 2971 Immo

156 3123 229 3206 Τις.
249 3120 318 3185 Tur.
336 3140 360 3179 ι.
377 3139 404 3179 a.
424 3117 509 3180 liern.
526 3139 550 3176 ι.
566 3139 592 3177 ι.
605 3119 635 3189 l.
654 3116 710 3177 illis
726 3125 775 3176 cst.
796 3125 837 3175 est
856 3113 1010 3179 omleid.
1024 3135 1065 3173 m.
1086 3114 1189 3173 anc.
1203 3112 1265 3173 Bar.
1280 3135 1306 3174 ι.
1337 3114 1564 3198 notberqoam

158 3228 220 3288 iltis
224 3226 290 3306 suit
318 3213 402 3289 Βειιι.
417 3245 443 3283 a.
465 3215 546 3282 nobis
563 3233 603 3282 est
622 3243 710 3300 quom
730 3221 787 3281 illis
800 3231 840 3281 cst
865 3219 933 3279 Tur.
949 3239 978 3279 a.
1005 3217 1163 3278 dr'scrt'rraen
1181 3217 1304 3284 mentun.
1323 3228 1364 3280 est
1381 3219 1496 3283 addunt
1514 3225 1564 3289 iu·

160 3329 463 3406 contumescat.
484 3326 569 3387 Rem.
583 3348 607 3392 ι.
629 3325 726 3392 Gucll'.
743 3348 769 3408 7.
791 3323 912 3385 Leidd.
926 3346 952 3384 e.
963 3345 994 3382 u.
1013 3323 1075 3382 Bas.
1093 3345 1117 3382 ι.
1128 3323 1156 3383 3.
1177 3323 1246 3382 Tur.
1261 3343 1288 3384 a.
1308 3323 1394 3384 Bern.
1406 3327 1474 3391 ab.
1493 3329 1564 3388 nul·

159 3437 225 3502 lum
243 3435 402 3498 discrimen
420 3431 479 3494 boc
496 3431 600 3491 ordine
616 3433 676 3492 inc.
695 3453 723 3492 a.
748 3430 850 3495 Franc.
878 3426 969 3488 lead.
994 3427 1134 3487 senata.
1166 3427 1266 3488 Herus.
1293 3428 1363 3489 Tur.
1379 3451 1405 3490 ι.
1430 3431 1495 3493 bac
1510 3453 1565 3514 ego

160 3542 266 3606 catillo
286 3540 398 3600 Fabric.
416 3558 442 3598 a.
464 3538 526 3596 an.
544 3557 571 3596 ι.
592 3535 713 3598 obmitto
732 3535 817 3595 Bern.
833 3529 862 3595 3.
895 3534 953 3593 ltoe
973 3531 1068 3592 Guoll.
1085 3533 1113 3592 5.
1125 3533 1154 3592 6.
1166 3555 1193 3615 7.
1212 3553 1258 3592 ιο.
1278 3532 1340 3594 Bas.
1350 3535 1380 3596 ὅ.
1410 3529 1564 3600 necerim

160 3649 226 3708 Bas.
241 3667 267 3712 ι.
287 3645 354 3706 Ecc.
375 3643 472 3704 Guell.
488 3663 514 3703 ι.
526 3642 555 3703 3.
569 3643 596 3708 5.
608 3663 637 3723 9.
653 3661 698 3728 ra.
728 3639 797 3700 Tur.
814 3661 839 3698 ι.
859 3638 984 3699 Berua.
1001 3639 1029 3710 l.
1050 3655 1198 3698 acuerem
1222 3638 1292 3704 Τιιι.
1307 3659 1335 3700 a.
1356 3639 1442 3702 Bran.
1455 3663 1482 3704 ι.
1510 3663 1565 3706 oc·

163 3753 270 3816 seruire
288 3751 389 3812 Vinur.
403 3770 429 3814 a.
450 3757 634 3808 ocoemnwrt
652 3749 750 3828 ploret
762 3744 862 3804 Guell.
883 3763 1026 3803 arcemn-c
1052 3741 1116 3801 Bm.
1133 3763 1161 3801 a.
1182 3742 1211 3815 4,
1232 3741 1284 3806 dc.
1315 3757 1496 3808 crcmscntnr
1514 3750 1565 3810 in.

163 3837 233 3923 ιοιιιὶ
242 3900 253 3929 ,
269 3858 364 3918 Strur.
386 3853 483 3919 Gucli.
501 3877 529 3936 7.
540 3854 568 3913 8.
581 3873 627 3911 ιι.
648 3849 730 3911 Lcid.
747 3848 777 3908 d.
794 3846 825 3907 lr.
843 3857 992 3908 arcessivit
1007 3849 1103 3907 ceteri.
1131 3867 1199 3907 cum
1210 3849 1341 3912 mertia
1359 3871 1421 3912 om.
1432 3852 1520 3914 Febr.
1538 3875 1564 3914 ι.

162 3970 264 4036 locum
286 3935 380 4021 mutat
398 3961 429 4020 in
446 3955 531 4018 Febr.
546 3977 573 4016 a.
593 3957 660 4015 Seu.
675 3975 702 4014 a.
723 3954 822 4014 llcuss.
842 3952 965 4016 Berua.
985 3962 1014 4011 ct
1032 3953 1171 4014 dudum
1184 3956 1269 4014 omia.
1289 3954 1374 4015 Febr.
1388 3967 1483 4039 uterq.
1501 3955 1565 4019 liar.

163 4093 193 4134 ι.
216 4068 284 4130 ricc.
305 4065 386 4126 leid.
397 4065 417 4124 i.
437 4083 532 4145 neque
544 4064 576 4122 in
587 4083 634 4122 sex
647 4063 711 4120 aliis
722 4057 802 4118 libris
818 4059 891 4139 legi,
904 4065 985 4116 testes
998 4068 1067 4116 tant
1076 4055 1191 4118 Gruter.
1201 4069 1230 4119 et
1244 4058 1359 4126 Pnttob.
1380 4061 1565 4143 ἀῳιιὴιιιιίι

162 4182 253 4259 longe
273 4173 393 4256 plurimi
409 4170 486 4234 libri.
517 4164 703 4248 apprehensis
721 4163 821 4224 Namr.
842 4161 988 4221 Commel.
1013 4160 1109 4222 Guell'.
1128 4163 1156 4221 5.
1183 4162 1267 4224 llcm.
1291 4183 1319 4226 a.
1347 4164 1416 4228 Ecc.
1437 4166 1563 4233 Parim,

161 4306 191 4351 c,
210 4281 243 4342 d.
262 4278 323 4341 Bm.
334 4275 363 4339 b.
384 4299 424 4338 ur.
434 4295 491 4337 tec.
510 4267 688 4336 miseremini
713 4267 796 4330 Leid.
805 4270 828 4329 1.
847 4265 970 4328 blcrreb.
981 4265 1060 4333 llirii
1074 4277 1105 4329 et
1123 4267 1174 4328 alii
1184 4265 1266 4330 laid.
1283 4267 1349 4331 liet.
1369 4290 1396 4333 ι.
1415 4289 1472 4354 pro
1485 4271 1564 4338 rens
