3850 4867
367 305 460 396 4².

369 481 446 558 alio
467 479 597 556 auimo
617 479 709 556 belli
723 491 902 556 eventum
925 479 1200 584 exspectabant
1242 480 1303 556 Ad
1319 479 1404 572 boc,
1426 483 1663 586 quicumque
1680 483 1768 558 alia·

368 631 458 684 rum
476 621 592 708 atque
612 602 739 680 Senati
755 603 925 707 partium
940 620 1070 694 erent,
1093 603 1316 679 conturbari
1335 608 1633 711 rempublicam,
1653 635 1766 712 quam
1900 614 1901 659 ³

368 731 497 808 minus
515 729 640 804 valere
660 727 731 832 ipsi
751 727 954 803 malebant
978 727 1025 802 1‹1
1043 727 1138 802 adeo
1156 727 1304 803 malum
1323 731 1465 806 multos
1482 749 1568 836 post
1586 757 1707 806 annos
1730 732 1768 804 in

320 863 358 932 ts
370 855 562 948 civitatem
594 867 808 926 revorterat
854 851 952 926 Nam
972 867 1175 954 postquam
1202 854 1268 928 Cn
1289 855 1468 958 Pompeio
1496 873 1535 931 et
1563 857 1613 930 Μ.
1644 859 1769 932 Crasso

368 976 595 1056 Consulibus
617 972 824 1050 tribunicia
840 989 1002 1078 potestas
1022 976 1195 1051 restituta
1216 960 1290 1066 est,
1317 975 1491 1054 homines
1509 980 1772 1076 adulescentes,

367 1127 558 1180 summam
581 1113 804 1203 potestatem
822 1099 945 1190 nacti,
959 1099 1100 1202 quibus
1119 1116 1207 1174 oetas
1226 1100 1452 1204 animusque
1466 1102 1571 1177 scrox
1583 1119 1681 1193 erat,
1701 1129 1776 1176 ccr-

366 1251 473 1331 pere,
508 1226 691 1302 Senatum
718 1221 994 1312 criminando,
1024 1223 1175 1326 plebem
1205 1223 1417 1328 exagitarc3
1453 1225 1543 1300 dein
1571 1225 1773 1330 largiundo

369 1367 486 1454 atque
501 1347 753 1453 pollicitando
778 1347 895 1452 magis
920 1346 1142 1439 incendere3
1166 1345 1219 1422 ita
1243 1346 1316 1450 ipsi
1340 1345 1435 1423 clari
1457 1365 1707 1452 potentesque
1730 1347 1774 1420 fi-
1856 1429 1862 1436 ,

370 1475 434 1556 eu‘.
470 1476 611 1550 Contra
631 1497 692 1548 eos
709 1495 856 1546 summa
882 1497 954 1573 ope
981 1471 1178 1545 nitebatur
1194 1469 1377 1573 pleraque
1399 1472 1595 1562 nobilitas,
1619 1473 1777 1548 Senatus
1901 1530 1902 1557 ,

370 1598 493 1705 specie
507 1623 588 1701 pro
607 1622 675 1672 sua
699 1594 974 1700 magnitudine.
1018 1595 1212 1696 Namque,
1242 1593 1301 1668 uti
1328 1594 1462 1697 paucis
1486 1621 1620 1670 verum
1652 1597 1776 1671 absol·

371 1751 475 1814 ram,
509 1738 595 1826 post
614 1719 873 1822 illa-tempora
898 1718 1134 1820 quicumque
1154 1717 1434 1821 rempublicam
1456 1720 1670 1824 agitavere,
1705 1718 1775 1794 ho-
1901 1700 1902 1715 ἵ

375 1849 487 1926 uestis
506 1845 746 1932 nominibus,
772 1835 866 1932 alii,
881 1841 993 1918 sicuti
1014 1842 1150 1945 populi
1166 1842 1251 1917 iura
1269 1843 1537 1935 defenderent,
1563 1871 1669 1948 pars,
1693 1873 1772 1947 quo

373 1976 532 2052 Senatus
552 1967 757 2046 auctoritas
786 1993 965 2040 maxuma
989 1963 1103 2058 foret,
1136 1965 1284 2042 bonnm
1307 1967 1509 2070 publicum
1534 1967 1779 2056 simulantes,

375 2127 447 2204 pro
464 2125 532 2176 rua
550 2093 713 2198 quisque
729 2090 900 2198 potentia
923 2090 1142 2184 certabant;
1171 2116 1297 2194 neque
1323 2088 1400 2165 illis
1424 2090 1627 2182 modestia,
1650 2116 1777 2194 neque

379 2223 517 2302 modus
538 2214 795 2295 contentionis
815 2229 917 2289 erat:
942 2214 1098 2318 utrique
1108 2215 1309 2290 victoriam
1320 2213 1527 2290 crudeliter
1545 2215 1779 2290 exercebant

328 2341 447 2432 39Sed
466 2359 670 2448 postquam
687 2343 754 2418 Cn.
773 2338 974 2442 Pompeius
988 2336 1038 2413 ad
1061 2339 1207 2414 bellum
1227 2339 1478 2414 maritumum
1497 2355 1613 2442 atque
1626 2335 1782 2413 Mithri-

377 2464 549 2542 daticum
573 2467 706 2544 missus
732 2480 812 2560 est,
837 2461 958 2569 plebis
991 2488 1079 2568 oper
1101 2465 1333 2554 imminute,
1370 2487 1584 2568 paucorum
1606 2465 1779 2567 potentia

380 2693 459 2756 bore.
479 2694 616 2778 Gnell.7.
628 2705 658 2756 ct
670 2695 697 2756 5.
718 2713 816 2776 m.pr.
837 2689 938 2752 baad.
959 2689 1026 2752 idco
1038 2689 1158 2750 malum.
1172 2700 1266 2771 uterq.
1277 2689 1360 2750 Rem.
1381 2689 1451 2750 Feb.
1471 2691 1538 2752 Ecc.
1559 2690 1648 2760 lleur,
1667 2692 1734 2756 Vin,
1755 2713 1781 2752 1.

339 2855 342 2863 .
380 2801 448 2862 san.
461 2813 554 2884 uterq.
577 2801 674 2862 Gnell.
688 2822 713 2866 ι.
725 2821 753 2861 a.
768 2799 798 2861 3.
814 2799 842 2860 5.
860 2817 904 2862 ιι.
925 2793 988 2853 Bas.
1003 2815 1031 2857 a.
1050 2794 1119 2856 Tur.
1135 2815 1160 2854 ι.
1175 2815 1201 2854 a.
1221 2797 1301 2873 quod
1316 2796 1400 2857 adeo.
1421 2795 1484 2856 Bar.
1499 2795 1529 2857 ὅ.
1549 2796 1582 2856 id
1597 2795 1631 2856 id
1644 2817 1688 2863 eo.
1700 2797 1779 2880 leg.

381 2905 462 2970 trid.
474 2911 496 2968 l.
517 2908 583 2969 ideo
599 2909 633 2968 id
647 2903 717 2966 mel.
738 2904 835 2964 Gucll.
850 2925 878 2984 7.
901 2900 934 2961 id
945 2900 1015 2960 mol.
1035 2900 1117 2959 Leid.
1133 2923 1160 2964 a.
1175 2899 1201 2966 l.
1223 2899 1289 2960 tileo
1305 2901 1356 2959 nd.
1369 2921 1409 2959 m.
1431 2899 1528 2961 Guell'.
1540 2923 1570 2983 9.
1592 2900 1690 2963 iddeo.
1717 2902 1780 2962 Bas.

387 3033 413 3073 ι.
441 3011 475 3073 id
489 3015 573 3078 adeo.
598 3015 696 3094 plum
713 3009 808 3070 Cortii
827 3007 905 3071 libri.
931 3004 1013 3065 Leid.
1029 3003 1059 3064 b.
1073 3025 1100 3066 c.
1112 3004 1142 3066 d.
1157 3007 1214 3064 el.
1231 3026 1259 3086 g.
1273 3001 1303 3063 h.
1318 3006 1339 3062 i.
1352 3025 1393 3068 m.
1405 3025 1438 3064 n.
1465 3005 1542 3071 Edit.
1563 3006 1648 3066 Paria.
1678 3005 1740 3066 Bas.
1753 3009 1787 3067 3.

384 3139 425 3177 ur.
436 3138 483 3199 pr.
504 3119 589 3184 Bern.
605 3137 629 3178 ι.
642 3139 669 3180 2.
681 3115 711 3180 3.
733 3114 846 3178 ἰάπιαΙ.
861 3114 945 3172 odeo·
966 3110 1028 3170 ΒΜ·
1042 3111 1072 3181 i·
1387 3111 1394 3118 ⁸

468 3243 540 3328 Cap.
555 3247 604 3308 38.
625 3245 715 3308 rectit.
732 3253 783 3306 est.
816 3251 857 3303 est
879 3241 978 3301 delent
995 3237 1108 3305 Fabrie.
1125 3258 1153 3305 a.
1171 3235 1234 3298 lias.
1249 3259 1277 3296 a.
1297 3237 1501 3309 mluleseertcr,
1528 3237 1672 3303 hocloco
1695 3245 1783 3303 ctiam

386 3351 447 3414 Βαι.
463 3373 489 3412 ι.
508 3351 593 3413 Brrn.
612 3373 637 3417 ι.
648 3353 743 3429 seror
763 3357 836 3409 erat.
857 3355 922 3407 erat
936 3343 1018 3404 Cort.
1034 3345 1141 3410 omisit.
1166 3343 1237 3404 dein
1253 3343 1329 3422 larg.
1349 3347 1531 3405 vetustissimi
1551 3345 1654 3407 Cottii.
1675 3345 1736 3412 Bas.
1757 3370 1784 3407 r.

274 3459 279 3466 ’
386 3457 456 3526 Tur.
478 3477 503 3518 ι.
534 3457 655 3518 debinc.
676 3451 775 3525 Basl.
797 3455 856 3514 ine.
877 3473 901 3517 ι,
919 3448 1095 3532 pollicendo,
1116 3448 1198 3509 Leid.
1212 3447 1280 3508 ab.
1293 3448 1322 3505 d.
1339 3449 1359 3507 f.
1376 3445 1406 3514 il.
1422 3450 1502 3515 hm.
1529 3451 1599 3511 Tur.
1615 3472 1643 3516 a.
1671 3464 1788 3514 camme

387 3562 438 3627 aab
455 3560 555 3644 speeie.
575 3564 672 3644 plnres
681 3559 776 3620 Curtii
792 3558 870 3618 libri.
891 3555 997 3615 ΒΜ.
1012 3553 1040 3626 4.
1067 3554 1148 3619 Leid.
1159 3576 1186 3614 a.
1197 3575 1223 3614 e.
1239 3553 1269 3613 d.
1283 3574 1309 3617 e.
1320 3551 1350 3618 b.
1368 3576 1409 3621 m.
1429 3555 1489 3615 Erl.
1516 3575 1620 3616 verum
1639 3555 1792 3620 abaciam

389 3669 451 3733 her
472 3669 607 3728 omnium
635 3667 693 3728 lere
709 3663 806 3728 Codd.
820 3662 918 3722 lectio.
947 3677 1050 3720 verum
1073 3660 1171 3718 omisit
1198 3659 1264 3719 Eec.
1286 3661 1317 3718 in
1335 3669 1461 3740 qtntuor
1477 3661 1570 3721 Cottii
1587 3660 1669 3721 libris
1686 3665 1786 3722 locum

391 3783 495 3838 mutat.
513 3791 585 3833 vera
597 3771 656 3834 aba.
677 3769 777 3828 licum.
797 3767 865 3828 Son.
877 3785 904 3826 a.
922 3765 1009 3824 Rem.
1022 3763 1052 3825 3.
1071 3771 1138 3847 port
1156 3763 1210 3823 ille
1230 3772 1316 3847 temp.
1337 3774 1457 3845 uterque
1478 3765 1547 3826 Vin.
1570 3763 1685 3829 Fabrie.
1704 3765 1788 3827 liem.

390 3880 451 3946 ine.
476 3877 545 3938 Sen.
565 3875 616 3938 Ac.
637 3875 736 3935 lleuas.
755 3873 852 3934 Stmv.
871 3869 939 3931 Ere.
958 3888 1061 3929 omnes
1078 3867 1176 3930 Guell.
1197 3868 1332 3949 (exceptis
1343 3869 1372 3928 6.
1384 3871 1427 3949 9.)
1448 3868 1510 3930 Bas.
1531 3891 1557 3932 ι.
1571 3891 1598 3931 a.
1614 3869 1686 3944 tl.
1704 3869 1787 3933 Laid.

392 4006 421 4072 g.
434 3981 467 4048 h.
477 3984 498 4043 i.
513 3983 540 4042 k.
551 4003 593 4046 m.
613 3980 697 4040 Rern.
713 3995 739 4038 ι.
749 3998 781 4040 2.
800 3975 941 4038 anabau
959 3973 1012 4036 dc.
1032 3975 1093 4035 inc.
1105 3995 1129 4039 1.
1148 3974 1217 4036 vin.
1233 3995 1258 4034 ι.
1272 3973 1356 4039 Rem.
1368 3994 1394 4034 1.
1408 3973 1505 4035 Guell.
1515 3975 1544 4042 6.
1556 3997 1585 4060 7.
1597 3974 1627 4038 8.
1642 3995 1688 4039 ιι.
1700 3975 1786 4039 liern.

397 4112 423 4154 ι.
444 4107 535 4169 nequo
549 4085 607 4148 illo
624 4083 786 4146 modesa'a..
801 4081 882 4142 Cort.
900 4101 1066 4162 pronomen
1078 4079 1194 4142 delerit.
1211 4081 1281 4140 item
1294 4079 1372 4140 Edit.
1384 4079 1469 4141 Parit.

469 4216 544 4305 Cap.
565 4215 614 4301 39.
635 4213 735 4277 ritt'arur
755 4221 805 4280 art.
825 4221 866 4274 et
883 4211 960 4273 delet
977 4210 1073 4272 Gurll‘.
1095 4229 1142 4271 ιο.
1161 4206 1324 4272 imminete
1339 4219 1416 4271 sunt.
1433 4207 1477 4271 ⁴itu
1496 4211 1555 4270 ine.
1586 4207 1673 4275 Hem
1693 4210 1790 4276 strar.
