3850 4867
399 340 447 433 ²4

395 536 507 614 tiores
531 536 670 613 notavi.
704 536 862 613 Numeri
883 506 1111 617 lectionibm
1137 539 1260 619 additi
1279 542 1330 619 ad
1345 544 1461 623 Codd.
1484 564 1677 654 spectant,
1699 577 1795 655 qno·

393 678 483 729 rum
507 653 733 729 auctoritate
759 653 835 729 illae
861 653 1075 732 firmantur.

394 802 482 879 cod.
503 804 530 877 Ι.
559 800 574 898 (
582 804 619 875 B.
639 800 760 877 Vatio.
785 805 911 904 1751.)
949 810 1217 912 Pergamenus,
1241 806 1342 883 foliis
1368 809 1581 887 minoribus
1607 811 1796 919 eleganter

541 933 580 993 et
600 944 845 1021 magnacum
869 920 1067 1028 diligentia
1087 924 1275 1027 scriptus,
1297 925 1363 999 sed
1377 926 1573 1000 recentior.

393 1048 482 1124 Cod
500 1052 545 1123 11
571 1054 637 1140 (B.
655 1050 774 1125 Vatic.
801 1056 930 1140 1832.)
955 1058 1197 1159 Pergamen,
1222 1053 1321 1129 foliis
1343 1056 1572 1147 minoribus,
1597 1056 1681 1134 sine
1695 1034 1795 1134 'titu-

540 1166 588 1255 lo.
613 1164 819 1259 Nonnullis
839 1167 930 1243 locis
954 1197 1088 1245 aman.
1105 1196 1173 1245 see.
1196 1186 1394 1245 correctus.

392 1298 481 1375 Cod.
497 1300 561 1373 IIL
588 1303 648 1391 (B.
665 1300 785 1375 Vasio.
810 1304 939 1397 1833.)
969 1306 1073 1408 Perg.
1095 1302 1176 1377 sine
1203 1303 1335 1392 titulo,
1359 1302 1428 1405 qui
1449 1327 1574 1377 erasus
1595 1326 1670 1377 esse
1693 1303 1795 1378 vide·

542 1432 614 1489 tur.
650 1417 798 1490 Ductus
816 1416 1016 1492 literarum
1037 1417 1114 1493 fere
1141 1417 1275 1507 iidem,
1299 1418 1367 1521 qui
1391 1418 1432 1491 in
1455 1416 1706 1511 Basileensi13
1735 1419 1795 1493 in·

539 1548 632 1606 sunt
649 1531 768 1606 multa
792 1532 1018 1635 compendia
1038 1533 1237 1637 scripturae
1253 1532 1318 1608 sed
1334 1532 1526 1636 explicatu
1547 1532 1685 1607 facilia.

393 1660 482 1738 cod.
499 1665 562 1738 IV.
589 1666 648 1756 (B.
664 1663 787 1738 Vatic.
809 1668 939 1756 1854.)
964 1668 1066 1769 Perg.
1093 1663 1170 1739 fine
1187 1666 1273 1739 Saec.
1284 1668 1350 1749 x1,
1369 1666 1428 1739 rel
1452 1666 1564 1740 initio
1576 1666 1658 1739 ΧΠ
1676 1664 1793 1767 serip-

540 1794 618 1868 tus3
645 1778 737 1853 folia
759 1795 941 1855 vetustate
966 1779 1084 1875 fusca3
1121 1781 1251 1855 brevia
1275 1779 1419 1855 scholia
1439 1780 1481 1855 in
1505 1782 1699 1887 margine5
1732 1778 1795 1854 de·

538 1911 629 1971 sunt
660 1894 701 1969 in
732 1894 807 1969 line
837 1896 1039 2001 Jugurtbae
1072 1913 1241 1999 quatuor
1267 1895 1403 1999 capita.
1451 1896 1625 1972 Secunda
1657 1919 1795 1969 manus

535 2010 673 2088 ductus
694 2010 893 2087 literarum
916 2012 1130 2103 renovavit,
1154 2012 1300 2087 librum
1333 2012 1534 2115 aliquoties
1561 2009 1794 2095 emendavit,

537 2128 673 2231 saepius
699 2126 880 2230 corrupit.

306 2317 310 2327 .
389 2256 477 2334 Cod.
494 2260 539 2335 V.
565 2262 629 2352 (B.
649 2258 768 2335 Vatic.
791 2256 915 2357 1835.)
940 2261 1208 2363 Pergamenus,
1235 2256 1380 2332 octonis
1399 2257 1485 2331 Saec.
1501 2284 1571 2331 xm
1598 2255 1796 2360 elegantis-

536 2374 629 2450 sime
645 2390 827 2450 exaratus.
862 2374 998 2453 Primae
1017 2373 1166 2479 paginae
1183 2372 1301 2447 literis
1324 2374 1446 2447 aureis
1469 2370 1543 2447 hoo
1567 2372 1796 2476 inscriptum
1905 2367 1906 2392 ³

537 2506 614 2565 est:
649 2490 827 2566 Salustius
852 2492 946 2565 tutti
977 2491 1030 2579 II.
1065 2494 1175 2565 Pont.
1198 2491 1305 2563 Max.
1333 2490 1427 2563 Bibl.
1457 2507 1611 2564 secretae
1643 2488 1795 2563 dicatus.

537 2594 736 2681 Accedunt
767 2606 1049 2711 elegantissimae
1075 2606 1236 2708 picturae
1268 2605 1311 2680 in
1341 2603 1474 2709 primis
1495 2603 1596 2681 foliis
1621 2603 1796 2681 Catilinae

535 2736 573 2795 et
598 2720 804 2825 iugurthae.

389 2834 477 2911 Cod.
492 2838 556 2912 Vl.
582 2840 643 2930 (B.
660 2838 781 2913 Vatic.
808 2824 951 2912 2068.)
977 2839 1063 2913 Saec.
1079 2864 1140 2913 ιιι.
1167 2837 1378 2941 Aliquoties
1395 2863 1508 2941 xpro
1518 2837 1564 2935 ſss
1585 2834 1795 2937 scriptum,

538 2952 778 3057 csaepissime
800 2978 889 3026 oum
916 2970 931 3027 t
948 2970 1243 3027 commutatum.

466 3098 599 3163 Catilina
622 3122 634 3161 1
657 3134 674 3147 ·
693 3104 791 3160 omnis
810 3111 911 3160 nostra
933 3100 978 3162 vis
1000 3104 1028 3162 t.
1050 3100 1079 3171 4.
1103 3121 1131 3160 a.
1154 3121 1224 3159 nam
1244 3102 1418 3181 priusquam
1442 3103 1470 3161 3.
1491 3096 1520 3169 4.
1545 3117 1571 3157 r.
1593 3096 1687 3155 beluis
1714 3116 1740 3155 ι.
1763 3100 1791 3157 5.

387 3212 416 3270 4.
440 3198 466 3259 5.
488 3236 504 3247 -
524 3222 550 3259 e.
567 3219 594 3259 a.
614 3234 632 3247 -
651 3198 809 3279 transigere
830 3200 857 3259 5.
880 3219 920 3256 m.
940 3217 986 3276 pr.
1008 3198 1148 3257 transiere
1170 3218 1198 3257 2.
1213 3219 1238 3257 1.
1254 3200 1282 3270 4.
1297 3202 1324 3260 5.
1343 3208 1373 3256 et
1391 3201 1419 3258 5.
1440 3218 1481 3255 m.
1494 3214 1551 3255 see.
1568 3228 1584 3240 -
1604 3198 1661 3256 5.-
1679 3192 1718 3253 At
1733 3194 1793 3251 mi·

387 3292 662 3377 iniquietent
688 3318 728 3353 m.
744 3317 774 3375 q.
795 3298 823 3356 3.
846 3328 862 3340 -
880 3294 909 3364 4.
929 3327 947 3339 -
965 3294 1065 3353 studio
1087 3316 1134 3353 me
1159 3317 1184 3353 ι.
1199 3301 1228 3358 3.
1243 3309 1272 3368 4.
1287 3300 1314 3357 5.
1335 3292 1467 3353 secordia
1485 3292 1514 3351 5.
1535 3288 1727 3349 memorabile
1744 3310 1793 3349 ex·

389 3392 463 3451 timo
481 3415 505 3453 1.
525 3428 541 3439 -
563 3396 590 3453 5.
611 3428 627 3440 -
647 3391 784 3453 credibile
803 3400 844 3452 est
863 3392 891 3462 4.
912 3414 952 3451 m.
972 3413 1029 3451 see.
1049 3391 1166 3471 adjecit.
1188 3400 1276 3453 notus
1295 3393 1397 3451 omisit
1411 3390 1438 3449 5.
1458 3387 1613 3469 caepimtdoe
1634 3404 1661 3445 a.
1676 3385 1705 3453 4.
1729 3389 1756 3446 5.
1775 3418 1793 3431 -

387 3522 405 3538 -
425 3489 454 3547 6.
477 3500 620 3570 temptare
642 3511 666 3549 1.
688 3510 714 3549 a.
730 3489 758 3560 4.
780 3492 827 3567 (et
846 3490 886 3549 ita
902 3490 1022 3570 saepius)
1045 3501 1127 3549 metu
1150 3491 1279 3570 percussi
1303 3510 1327 3545 ι.
1345 3489 1374 3557 4.
1394 3520 1410 3534 -
1431 3508 1459 3565 7.
1478 3517 1497 3530 -
1516 3484 1559 3543 sie
1575 3484 1701 3562 quisque
1724 3480 1791 3551 ι.4.

387 3590 524 3647 extollere
542 3588 635 3667 magis
653 3590 678 3647 5.
700 3586 810 3645 laboris
828 3588 900 3647 belli
917 3588 1043 3645 simulac
1059 3588 1175 3665 patiens
1200 3597 1281 3659 erat,
1300 3586 1332 3643 in
1354 3584 1455 3642 castris
1474 3600 1527 3662 per
1543 3580 1676 3639 laborem
1696 3576 1792 3635 disce-

387 3682 460 3743 bant
481 3704 536 3743 usu
557 3684 697 3741 militiam
722 3704 748 3743 a.
767 3687 808 3743 sic
827 3683 921 3745 hostes
936 3687 1062 3767 quisque
1079 3702 1106 3741 a.
1126 3685 1169 3742 sie
1193 3686 1318 3763 quisque
1339 3701 1369 3739 se
1392 3680 1419 3739 5.
1442 3698 1515 3759 quas
1541 3676 1622 3735 urbis
1642 3676 1669 3734 5.
1692 3707 1708 3719 -
1728 3695 1756 3751 9.
1774 3705 1792 3717 ·

388 3780 419 3837 in
440 3780 542 3839 amicis
564 3801 588 3839 1.
609 3784 636 3842 5.
655 3780 682 3851 4.
701 3779 852 3845 beneficiis
880 3785 972 3863 magis
990 3802 1080 3861 qnam
1101 3792 1183 3839 metu
1207 3800 1233 3839 1.
1251 3800 1278 3838 a.
1300 3782 1326 3840 3.
1349 3778 1377 3846 4.
1400 3776 1429 3835 5.
1449 3808 1465 3821 -
1488 3792 1534 3833 ιο.
1554 3804 1571 3819 ·
1590 3774 1742 3853 neglegere
1763 3788 1790 3827 ι.

389 3896 416 3935 2.
432 3878 462 3935 3.
480 3878 508 3947 4.
530 3890 703 3959 promptum
724 3898 749 3937 1.
765 3900 791 3939 a.
809 3881 834 3937 5.
856 3913 872 3927 -
896 3900 941 3938 ιι.
963 3878 1111 3951 -bonus,
1132 3880 1255 3959 ignavus
1277 3877 1304 3934 5.
1325 3872 1517 3943 insatiabilis,
1537 3889 1636 3947 neque
1654 3868 1681 3926 5.
1713 3867 1791 3924 mol-

387 3974 495 4033 lierant
515 3976 541 4033 5.
563 3997 650 4055 quem
670 3978 704 4034 in
721 3974 786 4033 Asia
809 3996 835 4035 2.
860 3976 886 4035 5.
911 4010 927 4021 -
956 3990 1003 4033 η.
1023 4008 1039 4021 ·
1059 3985 1148 4051 atque
1170 3972 1315 4031 moderati
1342 3990 1369 4028 1.
1390 4004 1406 4017 -
1429 3983 1474 4041 14.
1496 4000 1512 4011 -
1536 3964 1741 4022 seditiosorum
1761 3970 1791 4020 et

386 4069 601 4151 flagitiosorum
625 4094 648 4129 1.
665 4090 690 4129 2.
712 4076 738 4133 3.
755 4074 783 4142 4.
801 4073 827 4130 5.
851 4074 907 4129 nisi
924 4070 1012 4153 ¹quod
1031 4072 1063 4128 in
1087 4072 1114 4129 3.
1136 4068 1202 4147 (sed
1223 4090 1257 4126 ex
1278 4065 1487 4127 emendatione
1510 4062 1552 4119 ita
1572 4060 1716 4139 seriptum
1731 4078 1787 4117 esse

386 4169 519 4244 ridetur)
545 4202 561 4213 -
585 4171 629 4229 15.
650 4167 821 4228 -aduttum
846 4178 927 4227 atate
960 4190 984 4227 ι.
1006 4187 1032 4226 2.
1052 4170 1079 4227 3.
1099 4178 1128 4238 4.
1147 4170 1174 4227 5.
1195 4199 1211 4211 -
1230 4164 1305 4227 ι6.-
1323 4169 1498 4243 torpesceret
1524 4177 1549 4216 t.
1578 4160 1788 4235 a.5.·17.-

389 4264 520 4340 nobiles,
541 4275 676 4345 preterea
691 4268 718 4327 5.
740 4300 756 4312 -
779 4266 824 4327 18.
844 4299 861 4313 -
881 4266 938 4325 suit
956 4262 1090 4323 Catilina
1112 4284 1139 4323 1.
1161 4262 1289 4323 Romam
1319 4270 1380 4321 tam
1410 4280 1435 4319 r.
1451 4276 1480 4317 a.
1501 4256 1529 4317 5.
1549 4261 1613 4313 tom
1625 4252 1654 4322 4.
1673 4272 1714 4311 m.
1732 4270 1786 4313 see
