3850 4867
1547 326 1625 404 ι5ι.

209 507 391 617 perfugas
409 515 554 594 vinctos
571 515 712 593 adduci
727 542 738 609 3
762 543 896 592 eorum
909 541 1048 621 magna
1069 539 1178 621 pare,
1202 513 1262 590 uti
1281 513 1424 589 iussum
1440 526 1533 603 erat,
1550 507 1617 586 ad·

208 630 322 710 ducti
334 668 342 710 :
353 641 495 741 pauci,
508 669 631 744 quum
647 641 818 747 primum
837 640 981 716 deditio
1001 639 1119 745 ooepit
1133 693 1153 730 ,-
1163 638 1213 714 ad
1230 665 1355 742 regem
1365 634 1557 712 Bocchum
1573 633 1616 710 in

208 754 488 839 Mauritaniam
515 766 699 842 abierant.
745 765 868 869 Igitur
892 761 1105 869 Iugurtha,
1139 762 1209 840 ubi
1242 763 1356 838 armis
1384 761 1549 862 virisque
1579 771 1619 834 et

206 887 377 984 pecunia
395 888 579 992 spoliatus
595 904 671 979 est,
697 887 883 993 cumipse
904 889 954 963 ad
978 883 1247 992 imperandum
1262 885 1450 960 Tisidium
1469 907 1619 960 vocare-

211 1021 298 1097 tur,
321 1036 456 1086 rursus
477 1013 597 1116 coepit
615 1013 766 1089 flectere
791 1012 966 1086 animum
987 1037 1101 1086 suum
1126 1025 1166 1086 et
1187 1036 1235 1086 ex
1254 1011 1355 1085 mala
1386 1005 1618 1084 conscientie

208 1128 330 1234 digna
347 1133 489 1211 timere.
538 1137 717 1240 Denique
733 1134 864 1212 multis
877 1134 1012 1211 diebus
1029 1161 1099 1239 per
1114 1132 1397 1210 dubitationem
1414 1157 1619 1236 consump-

213 1253 284 1343 tis,
309 1283 434 1359 quum
459 1259 576 1335 modo
605 1259 718 1336 taedio
753 1285 882 1333 rerum
899 1258 1158 1333 advorsarum
1186 1258 1315 1332 omnia
1341 1257 1443 1334 bello
1468 1257 1617 1362 potiore

209 1374 387 1475 duoenet,
406 1381 603 1459 interdum
616 1409 745 1459 secum
763 1384 842 1486 ipse
861 1397 1068 1487 reputaret,
1088 1407 1206 1484 (stram
1221 1381 1341 1486 gravis
1357 1407 1463 1456 casus
1482 1381 1524 1454 in
1544 1405 1619 1454 ser-

208 1501 351 1578 vitium
368 1530 414 1580 ex
436 1532 552 1611 regno
581 1504 699 1594 soret;
725 1505 857 1581 multis
889 1505 1112 1610 magnisque
1149 1503 1332 1609 praesidiis
1361 1505 1621 1607 nequidquam

208 1627 386 1730 penditis,
401 1628 449 1704 de
466 1630 614 1734 integro
635 1629 780 1731 bellum
799 1629 924 1704 sumit
961 1630 1013 1703 Et
1030 1630 1157 1703 Romae
1169 1629 1328 1704 Senatus
1343 1628 1391 1704 de
1406 1626 1613 1733 provinciis

208 1751 409 1827 consultus
423 1753 646 1828 Numidiam
660 1754 815 1829 Metello
829 1752 1070 1828 decreverat·
1100 1757 1171 1830 Per
1194 1751 1296 1827 idem
1322 1769 1470 1856 tempus
1496 1751 1616 1826 Utioae
1627 1758 1666 1821 65

209 1869 312 1950 forte
335 1877 373 1952 G
392 1877 537 1967 Mario,
559 1903 628 1981 per
651 1875 791 1952 hostias
809 1876 867 1951 dis
884 1878 1138 1981 supplicanti,
1161 1903 1299 1982 magna
1327 1892 1443 1978 atque
1463 1874 1620 1950 mirabi-

210 1997 267 2072 lia
288 2000 467 2102 portendi
487 1998 678 2105 haruspex
698 2001 873 2077 dixerat:
898 2001 1080 2105 proinde,
1091 2029 1178 2104 quae
1193 2001 1324 2076 animo
1340 2001 1528 2104 agitabat,
1545 1997 1620 2074 fru-

213 2103 277 2197 tus
305 2123 364 2199 dis
392 2139 520 2228 ageret
540 2151 552 2216 3
575 2125 774 2202 fortunam
806 2117 923 2229 quam
952 2112 1164 2230 saepissume
1192 2124 1453 2231 experiretur3
1479 2137 1620 2198 cuncta

211 2272 393 2351 prospera
415 2264 608 2323 eventura.
658 2253 709 2324 At
726 2249 838 2324 illum
854 2250 932 2322 iam
947 2265 1059 2323 antea
1078 2250 1295 2328 consulatus
1319 2250 1449 2356 ingens
1478 2245 1619 2350 cupido

211 2371 445 2476 exagitabat:
469 2373 518 2447 ad
539 2400 654 2474 quem
676 2373 930 2477 capiundum,
951 2389 1090 2476 praeter
1108 2389 1330 2451 vetustatem
1348 2372 1520 2460 familiae,
1544 2369 1619 2444 alia

146 2581 154 2590 ,
213 2495 345 2570 omnia
364 2496 520 2572 abunde
537 2514 675 2571 erant:
701 2497 928 2586 industria,
945 2497 1135 2599 probitas,
1166 2497 1313 2574 militiae
1342 2523 1479 2602 magna
1503 2495 1623 2570 soien-

213 2618 289 2708 tia,
313 2619 466 2712 animus
486 2619 579 2696 belli
603 2620 756 2725 ingens,
775 2620 879 2695 domi
903 2619 1096 2710 modicus,
1124 2620 1310 2698 lubidinis
1334 2640 1373 2698 et
1399 2620 1622 2696 divitiarum

212 2744 355 2835 victor,
379 2743 648 2820 tantummodo
664 2744 793 2849 gloriae
817 2744 958 2820 avidus
1010 2745 1082 2820 Sed
1103 2745 1133 2819 is
1155 2763 1267 2821 natus
1293 2765 1332 2823 et
1352 2773 1505 2821 omnem
1528 2767 1623 2846 pue·

214 2866 346 2944 ritiam
361 2868 498 2974 Arpini
516 2868 634 2959 altus,
660 2869 730 2944 ubi
750 2870 922 2975 primum
937 2886 1034 2946 aetas·
1045 2869 1193 2946 militiae
1206 2871 1353 2976 patiens
1374 2869 1464 2960 fuit,
1480 2868 1623 2971 stipen-

214 3049 282 3110 Bas.
293 3071 319 3109 1.
340 3049 462 3112 Havete.
482 3048 569 3109 Bern.
581 3054 610 3114 ὅ.
630 3049 835 3110 adductisunt
853 3049 935 3110 Leid.
947 3049 977 3110 d.
991 3072 1018 3110 e.
1031 3049 1061 3115 h.
1075 3051 1156 3116 lem.
1167 3072 1206 3112 n..
1218 3073 1241 3117 s.
1256 3073 1285 3112 a.
1308 3051 1389 3112 Leid.
1400 3051 1419 3109 l.
1448 3049 1480 3108 in
1499 3047 1623 3107 Moure-

214 3165 337 3216 uncam
363 3154 467 3221 basa.
493 3175 657 3236 prapom.
683 3153 807 3220 Remu.
834 3157 895 3215 sine
909 3175 1032 3236 praepos.
1060 3155 1146 3217 Rern.
1160 3178 1185 3217 1.
1206 3157 1290 3218 Ilem.
1305 3179 1331 3218 ι.
1352 3156 1492 3236 spoliatus
1507 3164 1558 3214 est.
1582 3161 1622 3214 est

214 3282 278 3321 om.
290 3260 388 3320 Guelf.
405 3279 451 3328 ιι.
471 3280 501 3321 ss
517 3259 673 3342 spoliatum
686 3259 767 3320 efflet
787 3259 884 3320 dead..
897 3263 970 3320 (laun
987 3259 1046 3340 ipso
1064 3259 1126 3319 llas.
1140 3282 1164 3320 1.
1190 3262 1285 3324 Struv.
1306 3263 1374 3322 Vin.
1388 3281 1415 3321 2.
1435 3261 1503 3319 Ecc.
1523 3259 1621 3317 Guell.

214 3367 246 3428 3.
260 3387 290 3448 9.
308 3365 390 3426 Leid.
404 3387 433 3426 a.
459 3363 578 3426 Gruteri
596 3367 731 3426 melioret
753 3376 782 3427 et
803 3367 854 3427 olii
873 3367 988 3428 vetusti.
1015 3375 1078 3424 twn
1091 3365 1189 3425 Guelf.
1204 3387 1228 3426 ι.
1246 3367 1343 3442 Turio.
1364 3367 1406 3426 ad
1419 3366 1622 3445 imperatorem

213 3474 313 3534 srmv.
342 3473 385 3532 ud
400 3469 555 3554 imperium
574 3472 643 3533 vin.
660 3491 688 3532 2.
708 3471 758 3531 sed
777 3472 830 3532 elr.
844 3471 929 3535 Serva
944 3469 984 3530 ad
1000 3471 1088 3551 Virg..
1103 3469 1297 3553 Ectog..v111.
1315 3491 1363 3555 7¹·
1391 3469 1483 3551 ipsum
1495 3468 1623 3549 imperu-

214 3589 315 3641 torem
322 3575 413 3642 bem„
422 3597 448 3637 ι.
459 3576 594 3638 animun
604 3597 689 3639 suum
701 3596 870 3659 pronaom,
884 3574 947 3636 Bas.
957 3575 987 3648 l.
1009 3575 1094 3636 Bern.
1107 3595 1133 3636 ι.
1153 3585 1182 3636 et
1194 3596 1232 3638 os·
1244 3597 1390 3642 m..oonso.
1411 3585 1436 3635 et
1450 3596 1510 3635 om.
1524 3573 1623 3633 Guoll.

216 3684 248 3747 ὅ.
265 3705 312 3750 ιο.
337 3682 396 3766 epse
409 3701 510 3744 scetem
520 3682 641 3750 Febris..
651 3704 678 3744 a.
698 3683 766 3744 Eoo.
785 3683 879 3744 etalii
896 3681 1017 3764 quidam
1037 3679 1126 3741 Cort„

301 3811 374 3894 Cup.
388 3811 438 3874 65.
457 3812 637 3894 utpplrbunte
656 3813 731 3874 Eoo..
745 3809 889 3884 Guelssd..
903 3831 1002 3892 mpr.
1022 3827 1167 3890 uuntsper
1185 3809 1291 3871 Vinur..
1303 3832 1327 3871 1.
1348 3809 1434 3872 Fabr.
1451 3831 1477 3870 ι.
1498 3825 1623 3890 αιιιιρω

214 3918 279 3979 uae
294 3939 325 3984 ι.
332 3919 432 3996 statua
443 3917 493 3978 dis
508 3919 571 3978 Bru.
584 3940 609 3977 ι.
633 3919 702 3983 Vin.
717 3939 743 3978 ι.
763 3921 872 3978 Senti.
891 3915 988 3976 Guell.
1003 3915 1070 3976 ι.,5.
1091 3934 1179 3994 ogere
1196 3915 1263 3976 Sen.
1277 3939 1307 3976 1..
1329 3917 1430 3978 Vmor.
1443 3937 1468 3977 1.
1496 3915 1582 3974 Fabr.
1597 3935 1623 3973 1.

215 4023 315 4084 Gnell.
329 4045 353 4083 1.
367 4029 394 4087 3.
404 4045 434 4104 9.
454 4020 540 4086 Febr.
552 4042 581 4083 2.
601 4043 710 4087 mmo.
727 4041 864 4102 prospere
882 4021 923 4080 ita
935 4019 1062 4081 Harerc.
1077 4019 1157 4081 Vrat.
1170 4042 1196 4087 1.
1219 4020 1303 4082 Paris.
1318 4043 1344 4082 a.
1356 4023 1382 4083 α’.
1395 4021 1425 4080 d.
1437 4043 1463 4081 e.
1484 4021 1545 4080 Bos.
1558 4042 1581 4084 ι.
1594 4019 1623 4091 l.

214 4128 288 4190 Tur.
307 4128 474 4192 Bern.1..3.
502 4138 630 4190 venturo
648 4129 729 4191 th.
742 4149 776 4190 ι.
789 4125 926 4187 cents.
939 4146 985 4186 ta.
1005 4125 1067 4184 Bas.
1081 4127 1110 4197 4.
1134 4127 1237 4206 ingens
1250 4104 1318 4192 belli
1336 4125 1433 4186 Gusll.
1446 4147 1474 4187 a.
1492 4145 1627 4206 perom-

216 4233 401 4315 ncmpuerr't.
422 4232 674 4304 Bas.1.4..dcad.
692 4232 788 4294 Strnr.
809 4233 869 4295 inc.
889 4230 999 4289 Frena..
1013 4229 1072 4289 Erl.
1092 4230 1162 4291 Tur.
1183 4230 1302 4293 vett.
1324 4231 1391 4293 Eoo.
1412 4230 1510 4292 Guell.
1527 4232 1555 4290 6.
1575 4250 1622 4293 ιο.

221 4359 271 4401 ιι.
290 4336 373 4408 Leid.
385 4357 427 4397 m.
439 4357 476 4398 n..
491 4337 579 4398 Palat.
598 4349 702 4420 preter
712 4335 818 4398 Narar..
833 4333 981 4396 Commel.
1002 4335 1130 4397 tants
1144 4337 1180 4410 4..
1194 4336 1282 4400 alitus
1301 4337 1361 4398 ino.
1377 4335 1462 4398 Rem.
1476 4357 1500 4402 ι.
1515 4335 1620 4397 Frons.
