<?xml version="1.0" encoding="UTF-8"?>
<!DOCTYPE html PUBLIC "-//W3C//DTD XHTML 1.0 Transitional//EN"
    "http://www.w3.org/TR/xhtml1/DTD/xhtml1-transitional.dtd">
<html xmlns="http://www.w3.org/1999/xhtml" xml:lang="en" lang="en">
 <head>
  <title>
</title>
<meta http-equiv="Content-Type" content="text/html;charset=utf-8" />
  <meta name='ocr-system' content='tesseract 3.04.00' />
  <meta name='ocr-capabilities' content='ocr_page ocr_carea ocr_par ocr_line ocrx_word'/>
</head>
<body>
  <div class='ocr_page' id='page_1' title='image "./salustiiquaeexs01sallgoog_0328.png"; bbox 0 0 3850 4867; ppageno 0'>
   <div class='ocr_carea' id='block_1_1' title="bbox 280 274 1870 3434">
    <p class='ocr_par' dir='ltr' id='par_1_1' title="bbox 396 274 1799 561">
     <span class='ocr_line' id='line_1_1' title="bbox 397 274 471 368; baseline 0 0"><span class='ocrx_word' id='word_1_1' title='bbox 397 274 471 368; x_wconf 69' lang='lat'><strong>²⁶4</strong></span> 
     </span>
     <span class='ocr_line' id='line_1_2' title="bbox 396 427 1799 561; baseline -0.011 -29"><span class='ocrx_word' id='word_1_2' title='bbox 396 452 566 532; x_wconf 72' lang='lat' dir='ltr'><strong>minante</strong></span> <span class='ocrx_word' id='word_1_3' title='bbox 587 462 650 533; x_wconf 80' lang='lat' dir='ltr'><strong>eat</strong></span> <span class='ocrx_word' id='word_1_4' title='bbox 700 452 885 535; x_wconf 76' lang='lat' dir='ltr'><strong>Lucullus</strong></span> <span class='ocrx_word' id='word_1_5' title='bbox 900 453 1096 561; x_wconf 74' lang='lat' dir='ltr'><strong>superiore</strong></span> <span class='ocrx_word' id='word_1_6' title='bbox 1121 463 1228 533; x_wconf 84' lang='lat' dir='ltr'><strong>anno</strong></span> <span class='ocrx_word' id='word_1_7' title='bbox 1249 451 1405 559; x_wconf 78' lang='lat' dir='ltr'><strong>quantia</strong></span> <span class='ocrx_word' id='word_1_8' title='bbox 1418 449 1558 528; x_wconf 81' lang='lat' dir='ltr'><strong>animia</strong></span> <span class='ocrx_word' id='word_1_9' title='bbox 1576 443 1663 524; x_wconf 85' lang='lat' dir='ltr'><strong>ierit</strong></span> <span class='ocrx_word' id='word_1_10' title='bbox 1686 437 1735 515; x_wconf 87' lang='lat' dir='ltr'><strong>in</strong></span> <span class='ocrx_word' id='word_1_11' title='bbox 1757 427 1799 502; x_wconf 70' lang='lat'><strong>12</strong></span> 
     </span>
    </p>

    <p class='ocr_par' dir='ltr' id='par_1_2' title="bbox 280 558 1870 3434">
     <span class='ocr_line' id='line_1_3' title="bbox 280 558 1801 685; baseline -0.011 -29"><span class='ocrx_word' id='word_1_12' title='bbox 280 574 287 579; x_wconf 73' lang='grc'><strong>’</strong></span> <span class='ocrx_word' id='word_1_13' title='bbox 397 578 640 679; x_wconf 88' lang='lat' dir='ltr'><strong>Quinotium,</strong></span> <span class='ocrx_word' id='word_1_14' title='bbox 648 576 978 683; x_wconf 79' lang='lat' dir='ltr'><strong>vidistiatquantae</strong></span> <span class='ocrx_word' id='word_1_15' title='bbox 988 580 1155 685; x_wconf 86' lang='lat' dir='ltr'><strong>denique</strong></span> <span class='ocrx_word' id='word_1_16' title='bbox 1166 606 1275 657; x_wconf 89' lang='lat' dir='ltr'><strong>nunc</strong></span> <span class='ocrx_word' id='word_1_17' title='bbox 1286 576 1384 659; x_wconf 91' lang='lat' dir='ltr'><strong>mihi</strong></span> <span class='ocrx_word' id='word_1_18' title='bbox 1397 578 1521 655; x_wconf 73' lang='lat' dir='ltr'><strong>turbu</strong></span> <span class='ocrx_word' id='word_1_19' title='bbox 1531 558 1801 653; x_wconf 80' lang='lat' dir='ltr'><strong>concitantur!</strong></span> 
     </span>
     <span class='ocr_line' id='line_1_4' title="bbox 398 691 1805 811; baseline -0.005 -29"><span class='ocrx_word' id='word_1_20' title='bbox 398 702 667 811; x_wconf 78' lang='lat' dir='ltr'><strong>qtioeproiecto</strong></span> <span class='ocrx_word' id='word_1_21' title='bbox 679 703 868 781; x_wconf 69' lang='lat' dir='ltr'><strong>incastum</strong></span> <span class='ocrx_word' id='word_1_22' title='bbox 877 704 1103 811; x_wconf 77' lang='lat' dir='ltr'><strong>agebantur,</strong></span> <span class='ocrx_word' id='word_1_23' title='bbox 1111 706 1142 781; x_wconf 80' lang='lat' dir='ltr'><strong>ci</strong></span> <span class='ocrx_word' id='word_1_24' title='bbox 1153 706 1260 811; x_wconf 82' lang='lat' dir='ltr'><strong>priua</strong></span> <span class='ocrx_word' id='word_1_25' title='bbox 1268 731 1388 808; x_wconf 83' lang='lat' dir='ltr'><strong>quam</strong></span> <span class='ocrx_word' id='word_1_26' title='bbox 1396 691 1805 780; x_wconf 73' lang='lat' dir='ltr'><strong>vosserviundifinem.</strong></span> 
     </span>
     <span class='ocr_line' id='line_1_5' title="bbox 398 812 1805 935; baseline -0.011 -28"><span class='ocrx_word' id='word_1_27' title='bbox 398 829 457 907; x_wconf 92' lang='lat' dir='ltr'><strong>illi</strong></span> <span class='ocrx_word' id='word_1_28' title='bbox 470 828 743 907; x_wconf 74' lang='lat' dir='ltr'><strong>dominationis</strong></span> <span class='ocrx_word' id='word_1_29' title='bbox 755 828 896 905; x_wconf 86' lang='lat' dir='ltr'><strong>facturi</strong></span> <span class='ocrx_word' id='word_1_30' title='bbox 912 846 1024 905; x_wconf 87' lang='lat' dir='ltr'><strong>erant</strong></span> <span class='ocrx_word' id='word_1_31' title='bbox 1038 825 1267 935; x_wconf 65' lang='lat' dir='ltr'><strong>:prasertim</strong></span> <span class='ocrx_word' id='word_1_32' title='bbox 1285 856 1410 935; x_wconf 87' lang='lat' dir='ltr'><strong>quum</strong></span> <span class='ocrx_word' id='word_1_33' title='bbox 1422 827 1484 905; x_wconf 88' lang='lat' dir='ltr'><strong>his</strong></span> <span class='ocrx_word' id='word_1_34' title='bbox 1495 825 1670 903; x_wconf 80' lang='lat' dir='ltr'><strong>civilibus</strong></span> <span class='ocrx_word' id='word_1_35' title='bbox 1683 812 1805 894; x_wconf 67' lang='lat' dir='ltr'><strong>armis</strong></span> 
     </span>
     <span class='ocr_line' id='line_1_6' title="bbox 398 946 1804 1059; baseline -0.011 -28"><span class='ocrx_word' id='word_1_36' title='bbox 398 954 500 1031; x_wconf 85' lang='lat' dir='ltr'><strong>dicta</strong></span> <span class='ocrx_word' id='word_1_37' title='bbox 519 954 613 1047; x_wconf 88' lang='lat' dir='ltr'><strong>alia,</strong></span> <span class='ocrx_word' id='word_1_38' title='bbox 630 954 695 1032; x_wconf 82' lang='lat' dir='ltr'><strong>ced</strong></span> <span class='ocrx_word' id='word_1_39' title='bbox 708 970 895 1031; x_wconf 84' lang='lat' dir='ltr'><strong>certatum</strong></span> <span class='ocrx_word' id='word_1_40' title='bbox 909 955 1107 1059; x_wconf 86' lang='lat' dir='ltr'><strong>utrimque</strong></span> <span class='ocrx_word' id='word_1_41' title='bbox 1121 954 1170 1031; x_wconf 87' lang='lat' dir='ltr'><strong>de</strong></span> <span class='ocrx_word' id='word_1_42' title='bbox 1181 952 1445 1032; x_wconf 79' lang='lat' dir='ltr'><strong>dominatione</strong></span> <span class='ocrx_word' id='word_1_43' title='bbox 1460 954 1503 1029; x_wconf 91' lang='lat' dir='ltr'><strong>in</strong></span> <span class='ocrx_word' id='word_1_44' title='bbox 1521 951 1628 1028; x_wconf 79' lang='lat' dir='ltr'><strong>vobia</strong></span> <span class='ocrx_word' id='word_1_45' title='bbox 1642 948 1696 1023; x_wconf 86' lang='lat' dir='ltr'><strong>sit</strong></span> <span class='ocrx_word' id='word_1_46' title='bbox 1723 946 1804 1019; x_wconf 78' lang='lat' dir='ltr'><strong>lta-</strong></span> 
     </span>
     <span class='ocr_line' id='line_1_7' title="bbox 397 1072 1803 1185; baseline -0.001 -28"><span class='ocrx_word' id='word_1_47' title='bbox 397 1106 477 1185; x_wconf 87' lang='lat' dir='ltr'><strong>que</strong></span> <span class='ocrx_word' id='word_1_48' title='bbox 491 1097 614 1157; x_wconf 86' lang='lat' dir='ltr'><strong>cetera</strong></span> <span class='ocrx_word' id='word_1_49' title='bbox 629 1106 675 1157; x_wconf 83' lang='lat' dir='ltr'><strong>ex</strong></span> <span class='ocrx_word' id='word_1_50' title='bbox 688 1079 861 1172; x_wconf 87' lang='lat' dir='ltr'><strong>licentia,</strong></span> <span class='ocrx_word' id='word_1_51' title='bbox 877 1096 945 1155; x_wconf 84' lang='lat' dir='ltr'><strong>aut</strong></span> <span class='ocrx_word' id='word_1_52' title='bbox 958 1079 1068 1171; x_wconf 87' lang='lat' dir='ltr'><strong>odio,</strong></span> <span class='ocrx_word' id='word_1_53' title='bbox 1086 1096 1154 1157; x_wconf 85' lang='lat' dir='ltr'><strong>aut</strong></span> <span class='ocrx_word' id='word_1_54' title='bbox 1167 1079 1377 1157; x_wconf 79' lang='lat' dir='ltr'><strong>avaritiain</strong></span> <span class='ocrx_word' id='word_1_55' title='bbox 1390 1095 1539 1183; x_wconf 75' lang='lat' dir='ltr'><strong>tempus</strong></span> <span class='ocrx_word' id='word_1_56' title='bbox 1550 1100 1681 1152; x_wconf 74' lang='lat' dir='ltr'><strong>arseru-</strong></span> <span class='ocrx_word' id='word_1_57' title='bbox 1707 1072 1803 1155; x_wconf 71' lang='lat' dir='ltr'><strong>Per·</strong></span> 
     </span>
     <span class='ocr_line' id='line_1_8' title="bbox 397 1199 1801 1309; baseline -0.006 -28"><span class='ocrx_word' id='word_1_58' title='bbox 397 1204 539 1281; x_wconf 80' lang='lat' dir='ltr'><strong>mansit</strong></span> <span class='ocrx_word' id='word_1_59' title='bbox 554 1231 634 1280; x_wconf 88' lang='lat' dir='ltr'><strong>una</strong></span> <span class='ocrx_word' id='word_1_60' title='bbox 648 1231 708 1280; x_wconf 78' lang='lat' dir='ltr'><strong>res</strong></span> <span class='ocrx_word' id='word_1_61' title='bbox 724 1205 850 1295; x_wconf 91' lang='lat' dir='ltr'><strong>modo,</strong></span> <span class='ocrx_word' id='word_1_62' title='bbox 865 1230 951 1308; x_wconf 82' lang='lat' dir='ltr'><strong>quoe</strong></span> <span class='ocrx_word' id='word_1_63' title='bbox 967 1204 1165 1308; x_wconf 84' lang='lat' dir='ltr'><strong>utrimque</strong></span> <span class='ocrx_word' id='word_1_64' title='bbox 1181 1204 1338 1309; x_wconf 65' lang='lat' dir='ltr'><strong>qumita</strong></span> <span class='ocrx_word' id='word_1_65' title='bbox 1358 1219 1415 1281; x_wconf 80' lang='lat' dir='ltr'><strong>eat</strong></span> <span class='ocrx_word' id='word_1_66' title='bbox 1425 1218 1465 1281; x_wconf 89' lang='lat' dir='ltr'><strong>et</strong></span> <span class='ocrx_word' id='word_1_67' title='bbox 1484 1217 1614 1305; x_wconf 84' lang='lat' dir='ltr'><strong>erepta</strong></span> <span class='ocrx_word' id='word_1_68' title='bbox 1623 1199 1664 1274; x_wconf 93' lang='lat' dir='ltr'><strong>in</strong></span> <span class='ocrx_word' id='word_1_69' title='bbox 1676 1207 1801 1301; x_wconf 73' lang='lat' dir='ltr'><strong>poste·</strong></span> 
     </span>
     <span class='ocr_line' id='line_1_9' title="bbox 394 1321 1798 1432; baseline -0.007 -25"><span class='ocrx_word' id='word_1_70' title='bbox 394 1358 493 1421; x_wconf 81' lang='lat' dir='ltr'><strong>rum,</strong></span> <span class='ocrx_word' id='word_1_71' title='bbox 508 1330 563 1407; x_wconf 78' lang='lat' dir='ltr'><strong>vis·</strong></span> <span class='ocrx_word' id='word_1_72' title='bbox 581 1329 809 1421; x_wconf 79' lang='lat' dir='ltr'><strong>tribunicia,</strong></span> <span class='ocrx_word' id='word_1_73' title='bbox 824 1330 944 1405; x_wconf 87' lang='lat' dir='ltr'><strong>telum</strong></span> <span class='ocrx_word' id='word_1_74' title='bbox 960 1356 983 1404; x_wconf 86' lang='lat' dir='ltr'><strong>a</strong></span> <span class='ocrx_word' id='word_1_75' title='bbox 1000 1327 1208 1405; x_wconf 76' lang='lat' dir='ltr'><strong>maioribus</strong></span> <span class='ocrx_word' id='word_1_76' title='bbox 1220 1327 1388 1405; x_wconf 76' lang='lat' dir='ltr'><strong>libertati</strong></span> <span class='ocrx_word' id='word_1_77' title='bbox 1400 1341 1592 1432; x_wconf 78' lang='lat' dir='ltr'><strong>paratum3</strong></span> <span class='ocrx_word' id='word_1_78' title='bbox 1613 1321 1715 1428; x_wconf 90' lang='lat' dir='ltr'><strong>quod</strong></span> <span class='ocrx_word' id='word_1_79' title='bbox 1726 1343 1798 1423; x_wconf 81' lang='lat' dir='ltr'><strong>ego</strong></span> 
     </span>
     <span class='ocr_line' id='line_1_10' title="bbox 394 1440 1869 1558; baseline -0.012 -25"><span class='ocrx_word' id='word_1_80' title='bbox 394 1482 459 1533; x_wconf 81' lang='lat' dir='ltr'><strong>vos</strong></span> <span class='ocrx_word' id='word_1_81' title='bbox 478 1480 616 1531; x_wconf 88' lang='lat' dir='ltr'><strong>moneo</strong></span> <span class='ocrx_word' id='word_1_82' title='bbox 641 1480 843 1558; x_wconf 74' lang='lat' dir='ltr'><strong>quaesoque</strong></span> <span class='ocrx_word' id='word_1_83' title='bbox 862 1471 909 1530; x_wconf 88' lang='lat' dir='ltr'><strong>ut.</strong></span> <span class='ocrx_word' id='word_1_84' title='bbox 933 1453 1266 1530; x_wconf 77' lang='lat' dir='ltr'><strong>animadvortatis:</strong></span> <span class='ocrx_word' id='word_1_85' title='bbox 1299 1478 1377 1528; x_wconf 91' lang='lat' dir='ltr'><strong>neu</strong></span> <span class='ocrx_word' id='word_1_86' title='bbox 1404 1450 1563 1528; x_wconf 85' lang='lat' dir='ltr'><strong>nomina</strong></span> <span class='ocrx_word' id='word_1_87' title='bbox 1589 1474 1716 1533; x_wconf 83' lang='lat' dir='ltr'><strong>rernm</strong></span> <span class='ocrx_word' id='word_1_88' title='bbox 1746 1440 1798 1517; x_wconf 86' lang='lat' dir='ltr'><strong>ad</strong></span> <span class='ocrx_word' id='word_1_89' title='bbox 1868 1479 1869 1534; x_wconf 27' lang='grc' dir='ltr'>ᾗ</span> 
     </span>
     <span class='ocr_line' id='line_1_11' title="bbox 395 1559 1869 1686; baseline -0.007 -31"><span class='ocrx_word' id='word_1_90' title='bbox 395 1578 586 1686; x_wconf 80' lang='lat' dir='ltr'><strong>ignaviam</strong></span> <span class='ocrx_word' id='word_1_91' title='bbox 599 1593 799 1669; x_wconf 71' lang='lat' dir='ltr'><strong>mutantes,</strong></span> <span class='ocrx_word' id='word_1_92' title='bbox 809 1580 931 1655; x_wconf 87' lang='lat' dir='ltr'><strong>otium</strong></span> <span class='ocrx_word' id='word_1_93' title='bbox 944 1606 1016 1683; x_wconf 89' lang='lat' dir='ltr'><strong>pro</strong></span> <span class='ocrx_word' id='word_1_94' title='bbox 1028 1578 1180 1655; x_wconf 77' lang='lat' dir='ltr'><strong>servitio</strong></span> <span class='ocrx_word' id='word_1_95' title='bbox 1195 1576 1400 1683; x_wconf 84' lang='lat' dir='ltr'><strong>adpelletis.</strong></span> <span class='ocrx_word' id='word_1_96' title='bbox 1422 1576 1601 1674; x_wconf 90' lang='lat' dir='ltr'><strong>Quoiam</strong></span> <span class='ocrx_word' id='word_1_97' title='bbox 1613 1574 1693 1678; x_wconf 83' lang='lat' dir='ltr'><strong>ipso</strong></span> <span class='ocrx_word' id='word_1_98' title='bbox 1705 1567 1795 1658; x_wconf 68' lang='lat' dir='ltr'><strong>frmi,</strong></span> <span class='ocrx_word' id='word_1_99' title='bbox 1868 1559 1869 1644; x_wconf 70' lang='grc' dir='ltr'>ζ</span> 
     </span>
     <span class='ocr_line' id='line_1_12' title="bbox 393 1692 1794 1809; baseline -0.011 -28"><span class='ocrx_word' id='word_1_100' title='bbox 393 1705 422 1781; x_wconf 76' lang='lat' dir='ltr'><strong>ci</strong></span> <span class='ocrx_word' id='word_1_101' title='bbox 439 1731 527 1781; x_wconf 84' lang='lat' dir='ltr'><strong>vera</strong></span> <span class='ocrx_word' id='word_1_102' title='bbox 546 1720 584 1780; x_wconf 91' lang='lat' dir='ltr'><strong>et</strong></span> <span class='ocrx_word' id='word_1_103' title='bbox 600 1701 759 1779; x_wconf 79' lang='lat' dir='ltr'><strong>honesta</strong></span> <span class='ocrx_word' id='word_1_104' title='bbox 775 1702 966 1809; x_wconf 82' lang='lat' dir='ltr'><strong>flagitium</strong></span> <span class='ocrx_word' id='word_1_105' title='bbox 976 1702 1227 1807; x_wconf 83' lang='lat' dir='ltr'><strong>superaverit,</strong></span> <span class='ocrx_word' id='word_1_106' title='bbox 1241 1727 1323 1778; x_wconf 92' lang='lat' dir='ltr'><strong>non</strong></span> <span class='ocrx_word' id='word_1_107' title='bbox 1338 1716 1394 1777; x_wconf 80' lang='lat' dir='ltr'><strong>est</strong></span> <span class='ocrx_word' id='word_1_108' title='bbox 1409 1699 1600 1777; x_wconf 83' lang='lat' dir='ltr'><strong>conditio:</strong></span> <span class='ocrx_word' id='word_1_109' title='bbox 1620 1696 1745 1775; x_wconf 75' lang='lat' dir='ltr'><strong>irrisaet</strong></span> <span class='ocrx_word' id='word_1_110' title='bbox 1761 1692 1794 1767; x_wconf 89' lang='lat' dir='ltr'><strong>si</strong></span> 
     </span>
     <span class='ocr_line' id='line_1_13' title="bbox 394 1819 1793 1933; baseline -0.007 -28"><span class='ocrx_word' id='word_1_111' title='bbox 394 1828 554 1905; x_wconf 90' lang='lat' dir='ltr'><strong>omnino</strong></span> <span class='ocrx_word' id='word_1_112' title='bbox 569 1828 768 1933; x_wconf 77' lang='lat' dir='ltr'><strong>quiescetis.</strong></span> <span class='ocrx_word' id='word_1_113' title='bbox 792 1830 907 1905; x_wconf 89' lang='lat' dir='ltr'><strong>Nunc</strong></span> <span class='ocrx_word' id='word_1_114' title='bbox 921 1828 1097 1905; x_wconf 89' lang='lat' dir='ltr'><strong>animum</strong></span> <span class='ocrx_word' id='word_1_115' title='bbox 1109 1825 1452 1903; x_wconf 76' lang='lat' dir='ltr'><strong>advortitezetnisi</strong></span> <span class='ocrx_word' id='word_1_116' title='bbox 1468 1819 1793 1927; x_wconf 83' lang='lat' dir='ltr'><strong>viceritis,quoni-</strong></span> 
     </span>
     <span class='ocr_line' id='line_1_14' title="bbox 393 1935 1869 2058; baseline -0.006 -27"><span class='ocrx_word' id='word_1_117' title='bbox 393 1982 456 2031; x_wconf 89' lang='lat' dir='ltr'><strong>am</strong></span> <span class='ocrx_word' id='word_1_118' title='bbox 467 1954 594 2030; x_wconf 79' lang='lat' dir='ltr'><strong>omnia</strong></span> <span class='ocrx_word' id='word_1_119' title='bbox 609 1952 752 2029; x_wconf 83' lang='lat' dir='ltr'><strong>iniuria</strong></span> <span class='ocrx_word' id='word_1_120' title='bbox 768 1953 951 2058; x_wconf 81' lang='lat' dir='ltr'><strong>gravitate</strong></span> <span class='ocrx_word' id='word_1_121' title='bbox 968 1954 1089 2028; x_wconf 86' lang='lat' dir='ltr'><strong>tutior</strong></span> <span class='ocrx_word' id='word_1_122' title='bbox 1107 1968 1181 2043; x_wconf 76' lang='lat' dir='ltr'><strong>ort,</strong></span> <span class='ocrx_word' id='word_1_123' title='bbox 1201 1950 1321 2028; x_wconf 78' lang='lat' dir='ltr'><strong>artius</strong></span> <span class='ocrx_word' id='word_1_124' title='bbox 1338 1949 1552 2026; x_wconf 89' lang='lat' dir='ltr'><strong>habebunt.</strong></span> <span class='ocrx_word' id='word_1_125' title='bbox 1580 1948 1687 2047; x_wconf 81' lang='lat' dir='ltr'><strong>Quid</strong></span> <span class='ocrx_word' id='word_1_126' title='bbox 1705 1972 1792 2023; x_wconf 87' lang='lat' dir='ltr'><strong>cen·</strong></span> <span class='ocrx_word' id='word_1_127' title='bbox 1868 1935 1869 2012; x_wconf 79' lang='lat' dir='ltr'><strong>i</strong></span> 
     </span>
     <span class='ocr_line' id='line_1_15' title="bbox 391 2074 1870 2185; baseline -0.005 -31"><span class='ocrx_word' id='word_1_128' title='bbox 391 2104 445 2155; x_wconf 80' lang='lat' dir='ltr'><strong>rec</strong></span> <span class='ocrx_word' id='word_1_129' title='bbox 470 2078 611 2185; x_wconf 79' lang='lat' dir='ltr'><strong>igitur?</strong></span> <span class='ocrx_word' id='word_1_130' title='bbox 634 2076 772 2181; x_wconf 87' lang='lat' dir='ltr'><strong>aliquis</strong></span> <span class='ocrx_word' id='word_1_131' title='bbox 792 2093 959 2152; x_wconf 78' lang='lat' dir='ltr'><strong>vestrum</strong></span> <span class='ocrx_word' id='word_1_132' title='bbox 975 2075 1186 2152; x_wconf 80' lang='lat' dir='ltr'><strong>subiecerit</strong></span> <span class='ocrx_word' id='word_1_133' title='bbox 1225 2076 1398 2150; x_wconf 78' lang='lat' dir='ltr'><strong>Primum</strong></span> <span class='ocrx_word' id='word_1_134' title='bbox 1423 2074 1600 2150; x_wconf 90' lang='lat' dir='ltr'><strong>omnium</strong></span> <span class='ocrx_word' id='word_1_135' title='bbox 1618 2075 1789 2150; x_wconf 87' lang='lat' dir='ltr'><strong>omitten·</strong></span> <span class='ocrx_word' id='word_1_136' title='bbox 1868 2163 1870 2176; x_wconf 37' lang='grc' dir='ltr'>Ι</span> 
     </span>
     <span class='ocr_line' id='line_1_16' title="bbox 390 2196 1870 2306; baseline -0.006 -25"><span class='ocrx_word' id='word_1_137' title='bbox 390 2203 486 2281; x_wconf 87' lang='lat' dir='ltr'><strong>dum</strong></span> <span class='ocrx_word' id='word_1_138' title='bbox 504 2229 650 2280; x_wconf 89' lang='lat' dir='ltr'><strong>morem</strong></span> <span class='ocrx_word' id='word_1_139' title='bbox 676 2199 803 2291; x_wconf 91' lang='lat' dir='ltr'><strong>hunc,</strong></span> <span class='ocrx_word' id='word_1_140' title='bbox 828 2226 944 2303; x_wconf 88' lang='lat' dir='ltr'><strong>quem</strong></span> <span class='ocrx_word' id='word_1_141' title='bbox 964 2200 1095 2306; x_wconf 79' lang='lat' dir='ltr'><strong>agitis,</strong></span> <span class='ocrx_word' id='word_1_142' title='bbox 1119 2200 1291 2305; x_wconf 65' lang='lat' dir='ltr'><strong>impigre</strong></span> <span class='ocrx_word' id='word_1_143' title='bbox 1315 2198 1472 2305; x_wconf 68' lang='lat' dir='ltr'><strong>linguae,</strong></span> <span class='ocrx_word' id='word_1_144' title='bbox 1498 2199 1619 2275; x_wconf 85' lang='lat' dir='ltr'><strong>animi</strong></span> <span class='ocrx_word' id='word_1_145' title='bbox 1647 2196 1785 2304; x_wconf 79' lang='lat' dir='ltr'><strong>ignari,</strong></span> <span class='ocrx_word' id='word_1_146' title='bbox 1868 2221 1870 2258; x_wconf 71' lang='grc' dir='ltr'>Ι</span> 
     </span>
     <span class='ocr_line' id='line_1_17' title="bbox 390 2324 1869 2423; baseline -0.01 -18"><span class='ocrx_word' id='word_1_147' title='bbox 390 2355 472 2405; x_wconf 91' lang='lat' dir='ltr'><strong>non</strong></span> <span class='ocrx_word' id='word_1_148' title='bbox 491 2326 597 2404; x_wconf 90' lang='lat' dir='ltr'><strong>ultra</strong></span> <span class='ocrx_word' id='word_1_149' title='bbox 617 2324 812 2403; x_wconf 78' lang='lat' dir='ltr'><strong>concionis</strong></span> <span class='ocrx_word' id='word_1_150' title='bbox 828 2324 957 2401; x_wconf 89' lang='lat' dir='ltr'><strong>locum</strong></span> <span class='ocrx_word' id='word_1_151' title='bbox 976 2350 1160 2401; x_wconf 71' lang='lat' dir='ltr'><strong>memoret</strong></span> <span class='ocrx_word' id='word_1_152' title='bbox 1179 2324 1373 2400; x_wconf 80' lang='lat' dir='ltr'><strong>libertatia</strong></span> <span class='ocrx_word' id='word_1_153' title='bbox 1397 2324 1500 2399; x_wconf 89' lang='lat' dir='ltr'><strong>Dein</strong></span> <span class='ocrx_word' id='word_1_154' title='bbox 1516 2324 1583 2423; x_wconf 87' lang='lat' dir='ltr'><strong>(ne</strong></span> <span class='ocrx_word' id='word_1_155' title='bbox 1594 2352 1658 2401; x_wconf 84' lang='lat' dir='ltr'><strong>ros</strong></span> <span class='ocrx_word' id='word_1_156' title='bbox 1677 2325 1726 2400; x_wconf 85' lang='lat' dir='ltr'><strong>ad</strong></span> <span class='ocrx_word' id='word_1_157' title='bbox 1734 2324 1784 2399; x_wconf 81' lang='lat' dir='ltr'><strong>vi·</strong></span> <span class='ocrx_word' id='word_1_158' title='bbox 1868 2383 1869 2390; x_wconf 75' lang='grc'>,</span> 
     </span>
     <span class='ocr_line' id='line_1_18' title="bbox 390 2448 1869 2556; baseline -0.003 -27"><span class='ocrx_word' id='word_1_159' title='bbox 390 2452 477 2529; x_wconf 87' lang='lat' dir='ltr'><strong>rilia</strong></span> <span class='ocrx_word' id='word_1_160' title='bbox 503 2451 570 2527; x_wconf 88' lang='lat' dir='ltr'><strong>illa</strong></span> <span class='ocrx_word' id='word_1_161' title='bbox 590 2476 738 2541; x_wconf 81' lang='lat' dir='ltr'><strong>rocem,</strong></span> <span class='ocrx_word' id='word_1_162' title='bbox 763 2475 841 2553; x_wconf 85' lang='lat' dir='ltr'><strong>quo</strong></span> <span class='ocrx_word' id='word_1_163' title='bbox 867 2448 1044 2525; x_wconf 78' lang='lat' dir='ltr'><strong>tribunos</strong></span> <span class='ocrx_word' id='word_1_164' title='bbox 1064 2448 1206 2553; x_wconf 83' lang='lat' dir='ltr'><strong>plebei,</strong></span> <span class='ocrx_word' id='word_1_165' title='bbox 1229 2449 1344 2526; x_wconf 82' lang='lat' dir='ltr'><strong>modo</strong></span> <span class='ocrx_word' id='word_1_166' title='bbox 1369 2449 1575 2554; x_wconf 86' lang='lat' dir='ltr'><strong>patricium</strong></span> <span class='ocrx_word' id='word_1_167' title='bbox 1597 2452 1781 2556; x_wconf 75' lang='lat' dir='ltr'><strong>magistra-</strong></span> <span class='ocrx_word' id='word_1_168' title='bbox 1868 2535 1869 2544; x_wconf 8' lang='grc' dir='ltr'>ἵ</span> 
     </span>
     <span class='ocr_line' id='line_1_19' title="bbox 391 2559 1869 2681; baseline -0.001 -32"><span class='ocrx_word' id='word_1_169' title='bbox 391 2592 492 2667; x_wconf 87' lang='lat' dir='ltr'><strong>tum,</strong></span> <span class='ocrx_word' id='word_1_170' title='bbox 518 2575 639 2651; x_wconf 84' lang='lat' dir='ltr'><strong>libera</strong></span> <span class='ocrx_word' id='word_1_171' title='bbox 660 2574 710 2650; x_wconf 90' lang='lat' dir='ltr'><strong>ab</strong></span> <span class='ocrx_word' id='word_1_172' title='bbox 732 2570 951 2649; x_wconf 79' lang='lat' dir='ltr'><strong>auctoribus</strong></span> <span class='ocrx_word' id='word_1_173' title='bbox 971 2573 1142 2677; x_wconf 82' lang='lat' dir='ltr'><strong>patriciis</strong></span> <span class='ocrx_word' id='word_1_174' title='bbox 1164 2572 1343 2681; x_wconf 80' lang='lat' dir='ltr'><strong>suffragia</strong></span> <span class='ocrx_word' id='word_1_175' title='bbox 1362 2575 1523 2652; x_wconf 78' lang='lat' dir='ltr'><strong>maiorer</strong></span> <span class='ocrx_word' id='word_1_176' title='bbox 1545 2576 1659 2651; x_wconf 73' lang='lat' dir='ltr'><strong>vestri</strong></span> <span class='ocrx_word' id='word_1_177' title='bbox 1679 2602 1780 2681; x_wconf 80' lang='lat' dir='ltr'><strong>pam·</strong></span> <span class='ocrx_word' id='word_1_178' title='bbox 1868 2559 1869 2614; x_wconf 69' lang='lat' dir='ltr'><strong>t</strong></span> 
     </span>
     <span class='ocr_line' id='line_1_20' title="bbox 389 2696 1781 2805; baseline -0.002 -29"><span class='ocrx_word' id='word_1_179' title='bbox 389 2701 515 2799; x_wconf 82' lang='lat' dir='ltr'><strong>vere);</strong></span> <span class='ocrx_word' id='word_1_180' title='bbox 536 2698 731 2803; x_wconf 82' lang='lat' dir='ltr'><strong>quumvis</strong></span> <span class='ocrx_word' id='word_1_181' title='bbox 755 2696 896 2789; x_wconf 84' lang='lat' dir='ltr'><strong>omnis,</strong></span> <span class='ocrx_word' id='word_1_182' title='bbox 922 2696 1108 2795; x_wconf 74' lang='lat' dir='ltr'><strong>Quintae,</strong></span> <span class='ocrx_word' id='word_1_183' title='bbox 1133 2698 1176 2773; x_wconf 94' lang='lat' dir='ltr'><strong>in</strong></span> <span class='ocrx_word' id='word_1_184' title='bbox 1194 2700 1300 2775; x_wconf 79' lang='lat' dir='ltr'><strong>vobis</strong></span> <span class='ocrx_word' id='word_1_185' title='bbox 1318 2699 1384 2792; x_wconf 78' lang='lat' dir='ltr'><strong>cit,</strong></span> <span class='ocrx_word' id='word_1_186' title='bbox 1408 2715 1448 2776; x_wconf 85' lang='lat' dir='ltr'><strong>ct</strong></span> <span class='ocrx_word' id='word_1_187' title='bbox 1466 2725 1554 2805; x_wconf 69' lang='lat' dir='ltr'><strong>qum</strong></span> <span class='ocrx_word' id='word_1_188' title='bbox 1572 2701 1671 2777; x_wconf 76' lang='lat' dir='ltr'><strong>iussa</strong></span> <span class='ocrx_word' id='word_1_189' title='bbox 1683 2726 1781 2777; x_wconf 89' lang='lat' dir='ltr'><strong>nune</strong></span> 
     </span>
     <span class='ocr_line' id='line_1_21' title="bbox 387 2813 1778 2931; baseline 0.001 -32"><span class='ocrx_word' id='word_1_190' title='bbox 387 2813 463 2929; x_wconf 56' lang='lat' dir='ltr'><strong>pro‘</strong></span> <span class='ocrx_word' id='word_1_191' title='bbox 484 2823 567 2899; x_wconf 85' lang='lat' dir='ltr'><strong>aliic</strong></span> <span class='ocrx_word' id='word_1_192' title='bbox 591 2822 781 2915; x_wconf 83' lang='lat' dir='ltr'><strong>toleratio,</strong></span> <span class='ocrx_word' id='word_1_193' title='bbox 805 2848 878 2926; x_wconf 87' lang='lat' dir='ltr'><strong>pro</strong></span> <span class='ocrx_word' id='word_1_194' title='bbox 907 2820 1013 2898; x_wconf 82' lang='lat' dir='ltr'><strong>vobis</strong></span> <span class='ocrx_word' id='word_1_195' title='bbox 1034 2848 1144 2927; x_wconf 77' lang='lat' dir='ltr'><strong>agere</strong></span> <span class='ocrx_word' id='word_1_196' title='bbox 1171 2840 1241 2899; x_wconf 86' lang='lat' dir='ltr'><strong>aut</strong></span> <span class='ocrx_word' id='word_1_197' title='bbox 1267 2851 1348 2900; x_wconf 89' lang='lat' dir='ltr'><strong>non</strong></span> <span class='ocrx_word' id='word_1_198' title='bbox 1368 2849 1478 2930; x_wconf 82' lang='lat' dir='ltr'><strong>agere</strong></span> <span class='ocrx_word' id='word_1_199' title='bbox 1498 2840 1601 2901; x_wconf 84' lang='lat' dir='ltr'><strong>certe</strong></span> <span class='ocrx_word' id='word_1_200' title='bbox 1625 2827 1778 2931; x_wconf 78' lang='lat' dir='ltr'><strong>poscitis,</strong></span> 
     </span>
     <span class='ocr_line' id='line_1_22' title="bbox 387 2946 1777 3060; baseline -0.001 -35"><span class='ocrx_word' id='word_1_201' title='bbox 387 2952 514 3026; x_wconf 85' lang='lat' dir='ltr'><strong>Iovem</strong></span> <span class='ocrx_word' id='word_1_202' title='bbox 535 2962 604 3024; x_wconf 88' lang='lat' dir='ltr'><strong>aut</strong></span> <span class='ocrx_word' id='word_1_203' title='bbox 623 2946 744 3023; x_wconf 87' lang='lat' dir='ltr'><strong>alium</strong></span> <span class='ocrx_word' id='word_1_204' title='bbox 757 2974 872 3051; x_wconf 89' lang='lat' dir='ltr'><strong>quem</strong></span> <span class='ocrx_word' id='word_1_205' title='bbox 889 2946 1006 3024; x_wconf 89' lang='lat' dir='ltr'><strong>deum</strong></span> <span class='ocrx_word' id='word_1_206' title='bbox 1027 2948 1283 3025; x_wconf 80' lang='lat' dir='ltr'><strong>consultorem</strong></span> <span class='ocrx_word' id='word_1_207' title='bbox 1303 2950 1544 3056; x_wconf 70' lang='lat' dir='ltr'><strong>exspectatis?</strong></span> <span class='ocrx_word' id='word_1_208' title='bbox 1569 2978 1704 3060; x_wconf 74' lang='lat' dir='ltr'><strong>magna</strong></span> <span class='ocrx_word' id='word_1_209' title='bbox 1718 2949 1777 3025; x_wconf 87' lang='lat' dir='ltr'><strong>illa</strong></span> 
     </span>
     <span class='ocr_line' id='line_1_23' title="bbox 388 3070 1777 3179; baseline -0.002 -26"><span class='ocrx_word' id='word_1_210' title='bbox 388 3073 591 3153; x_wconf 85' lang='lat' dir='ltr'><strong>consulum</strong></span> <span class='ocrx_word' id='word_1_211' title='bbox 610 3072 770 3179; x_wconf 87' lang='lat' dir='ltr'><strong>imperia</strong></span> <span class='ocrx_word' id='word_1_212' title='bbox 794 3088 832 3149; x_wconf 89' lang='lat' dir='ltr'><strong>et</strong></span> <span class='ocrx_word' id='word_1_213' title='bbox 850 3088 1007 3177; x_wconf 84' lang='lat' dir='ltr'><strong>patrum</strong></span> <span class='ocrx_word' id='word_1_214' title='bbox 1028 3070 1203 3170; x_wconf 87' lang='lat' dir='ltr'><strong>decreta,</strong></span> <span class='ocrx_word' id='word_1_215' title='bbox 1230 3100 1295 3151; x_wconf 82' lang='lat' dir='ltr'><strong>voc</strong></span> <span class='ocrx_word' id='word_1_216' title='bbox 1310 3072 1548 3179; x_wconf 73' lang='lat' dir='ltr'><strong>exsequendo</strong></span> <span class='ocrx_word' id='word_1_217' title='bbox 1570 3091 1652 3152; x_wconf 85' lang='lat' dir='ltr'><strong>rata</strong></span> <span class='ocrx_word' id='word_1_218' title='bbox 1675 3074 1777 3153; x_wconf 87' lang='lat' dir='ltr'><strong>effici·</strong></span> 
     </span>
     <span class='ocr_line' id='line_1_24' title="bbox 387 3196 1869 3305; baseline 0.001 -28"><span class='ocrx_word' id='word_1_219' title='bbox 387 3202 453 3294; x_wconf 79' lang='lat' dir='ltr'><strong>tis,</strong></span> <span class='ocrx_word' id='word_1_220' title='bbox 485 3199 673 3299; x_wconf 73' lang='lat' dir='ltr'><strong>Quirites,</strong></span> <span class='ocrx_word' id='word_1_221' title='bbox 696 3197 877 3303; x_wconf 85' lang='lat' dir='ltr'><strong>ultroque</strong></span> <span class='ocrx_word' id='word_1_222' title='bbox 901 3196 1099 3275; x_wconf 86' lang='lat' dir='ltr'><strong>licentiam</strong></span> <span class='ocrx_word' id='word_1_223' title='bbox 1126 3199 1169 3277; x_wconf 90' lang='lat' dir='ltr'><strong>in</strong></span> <span class='ocrx_word' id='word_1_224' title='bbox 1199 3226 1265 3278; x_wconf 81' lang='lat' dir='ltr'><strong>vos</strong></span> <span class='ocrx_word' id='word_1_225' title='bbox 1289 3215 1447 3276; x_wconf 91' lang='lat' dir='ltr'><strong>auctum</strong></span> <span class='ocrx_word' id='word_1_226' title='bbox 1472 3214 1591 3305; x_wconf 87' lang='lat' dir='ltr'><strong>atque</strong></span> <span class='ocrx_word' id='word_1_227' title='bbox 1613 3200 1777 3278; x_wconf 87' lang='lat' dir='ltr'><strong>adiutum</strong></span> <span class='ocrx_word' id='word_1_228' title='bbox 1868 3207 1869 3266; x_wconf 58' lang='lat' dir='ltr'><strong>i</strong></span> 
     </span>
     <span class='ocr_line' id='line_1_25' title="bbox 384 3323 1869 3434; baseline -0.002 -32"><span class='ocrx_word' id='word_1_229' title='bbox 384 3324 608 3431; x_wconf 81' lang='lat' dir='ltr'><strong>properatis.</strong></span> <span class='ocrx_word' id='word_1_230' title='bbox 642 3323 773 3427; x_wconf 83' lang='lat' dir='ltr'><strong>Neque</strong></span> <span class='ocrx_word' id='word_1_231' title='bbox 800 3349 867 3429; x_wconf 84' lang='lat' dir='ltr'><strong>ego</strong></span> <span class='ocrx_word' id='word_1_232' title='bbox 897 3348 961 3400; x_wconf 82' lang='lat' dir='ltr'><strong>vos</strong></span> <span class='ocrx_word' id='word_1_233' title='bbox 989 3323 1119 3401; x_wconf 88' lang='lat' dir='ltr'><strong>ultum</strong></span> <span class='ocrx_word' id='word_1_234' title='bbox 1147 3323 1308 3401; x_wconf 83' lang='lat' dir='ltr'><strong>iniurias</strong></span> <span class='ocrx_word' id='word_1_235' title='bbox 1335 3324 1487 3419; x_wconf 88' lang='lat' dir='ltr'><strong>hort01·;</strong></span> <span class='ocrx_word' id='word_1_236' title='bbox 1511 3325 1629 3434; x_wconf 82' lang='lat' dir='ltr'><strong>magis</strong></span> <span class='ocrx_word' id='word_1_237' title='bbox 1650 3326 1706 3403; x_wconf 90' lang='lat' dir='ltr'><strong>uti</strong></span> <span class='ocrx_word' id='word_1_238' title='bbox 1727 3350 1774 3399; x_wconf 73' lang='lat' dir='ltr'><strong>rc·</strong></span> <span class='ocrx_word' id='word_1_239' title='bbox 1868 3337 1869 3354; x_wconf 65' lang='lat'>¹</span> 
     </span>
    </p>
   </div>
   <div class='ocr_carea' id='block_1_2' title="bbox 387 3448 1869 3555">
    <p class='ocr_par' dir='ltr' id='par_1_3' title="bbox 387 3448 1869 3555">
     <span class='ocr_line' id='line_1_26' title="bbox 387 3448 1869 3555; baseline 0.001 -29"><span class='ocrx_word' id='word_1_240' title='bbox 387 3453 518 3553; x_wconf 89' lang='lat' dir='ltr'><strong>quiem</strong></span> <span class='ocrx_word' id='word_1_241' title='bbox 537 3450 722 3555; x_wconf 86' lang='lat' dir='ltr'><strong>cupiatis:</strong></span> <span class='ocrx_word' id='word_1_242' title='bbox 748 3474 873 3553; x_wconf 88' lang='lat' dir='ltr'><strong>neque</strong></span> <span class='ocrx_word' id='word_1_243' title='bbox 890 3448 1114 3544; x_wconf 83' lang='lat' dir='ltr'><strong>disconliac,</strong></span> <span class='ocrx_word' id='word_1_244' title='bbox 1137 3467 1184 3527; x_wconf 92' lang='lat' dir='ltr'><strong>ut</strong></span> <span class='ocrx_word' id='word_1_245' title='bbox 1198 3450 1257 3527; x_wconf 91' lang='lat' dir='ltr'><strong>illi</strong></span> <span class='ocrx_word' id='word_1_246' title='bbox 1274 3449 1547 3545; x_wconf 86' lang='lat' dir='ltr'><strong>criminantur,</strong></span> <span class='ocrx_word' id='word_1_247' title='bbox 1569 3451 1636 3529; x_wconf 81' lang='lat' dir='ltr'><strong>sed</strong></span> <span class='ocrx_word' id='word_1_248' title='bbox 1653 3477 1772 3530; x_wconf 85' lang='lat' dir='ltr'><strong>earum</strong></span> <span class='ocrx_word' id='word_1_249' title='bbox 1868 3495 1869 3502; x_wconf 20' lang='grc' dir='ltr'><strong>κ</strong></span> 
     </span>
    </p>
   </div>
   <div class='ocr_carea' id='block_1_3' title="bbox 381 3672 1869 4297">
    <p class='ocr_par' dir='ltr' id='par_1_4' title="bbox 381 3672 1869 4297">
     <span class='ocr_line' id='line_1_27' title="bbox 384 3672 1869 3760; baseline -0.001 -18"><span class='ocrx_word' id='word_1_250' title='bbox 384 3680 435 3742; x_wconf 87' lang='lat' dir='ltr'><strong>tic.</strong></span> <span class='ocrx_word' id='word_1_251' title='bbox 452 3686 481 3736; x_wconf 86' lang='lat' dir='ltr'><strong>et</strong></span> <span class='ocrx_word' id='word_1_252' title='bbox 497 3683 606 3737; x_wconf 75' lang='lat' dir='ltr'><strong>veteres</strong></span> <span class='ocrx_word' id='word_1_253' title='bbox 621 3672 690 3733; x_wconf 85' lang='lat' dir='ltr'><strong>libri</strong></span> <span class='ocrx_word' id='word_1_254' title='bbox 707 3694 724 3734; x_wconf 89' lang='lat' dir='ltr'><strong>a</strong></span> <span class='ocrx_word' id='word_1_255' title='bbox 739 3673 900 3735; x_wconf 84' lang='lat' dir='ltr'><strong>Ciacconio</strong></span> <span class='ocrx_word' id='word_1_256' title='bbox 920 3673 1042 3736; x_wconf 86' lang='lat' dir='ltr'><strong>laudati.</strong></span> <span class='ocrx_word' id='word_1_257' title='bbox 1062 3685 1222 3757; x_wconf 80' lang='lat' dir='ltr'><strong>agerentur</strong></span> <span class='ocrx_word' id='word_1_258' title='bbox 1240 3679 1341 3760; x_wconf 79' lang='lat' dir='ltr'><strong>vulgo.</strong></span> <span class='ocrx_word' id='word_1_259' title='bbox 1373 3674 1465 3738; x_wconf 84' lang='lat' dir='ltr'><strong>Nunc</strong></span> <span class='ocrx_word' id='word_1_260' title='bbox 1484 3675 1621 3738; x_wconf 63' lang='lat' dir='ltr'><strong>ommim</strong></span> <span class='ocrx_word' id='word_1_261' title='bbox 1638 3679 1772 3740; x_wconf 66' lang='lat' dir='ltr'><strong>munau</strong></span> <span class='ocrx_word' id='word_1_262' title='bbox 1868 3685 1869 3740; x_wconf 62' lang='grc' dir='ltr'>ζ</span> 
     </span>
     <span class='ocr_line' id='line_1_28' title="bbox 385 3778 1869 3864; baseline -0.002 -20"><span class='ocrx_word' id='word_1_263' title='bbox 385 3782 470 3849; x_wconf 84' lang='lat' dir='ltr'><strong>Fabr.</strong></span> <span class='ocrx_word' id='word_1_264' title='bbox 491 3778 567 3840; x_wconf 86' lang='lat' dir='ltr'><strong>Bric.</strong></span> <span class='ocrx_word' id='word_1_265' title='bbox 589 3798 648 3839; x_wconf 89' lang='lat' dir='ltr'><strong>om.</strong></span> <span class='ocrx_word' id='word_1_266' title='bbox 668 3810 688 3827; x_wconf 91' lang='lat'>·</span> <span class='ocrx_word' id='word_1_267' title='bbox 707 3780 794 3861; x_wconf 73' lang='lat' dir='ltr'><strong>agitis</strong></span> <span class='ocrx_word' id='word_1_268' title='bbox 813 3779 849 3840; x_wconf 85' lang='lat' dir='ltr'><strong>C.</strong></span> <span class='ocrx_word' id='word_1_269' title='bbox 871 3786 980 3844; x_wconf 84' lang='lat' dir='ltr'><strong>Fronto</strong></span> <span class='ocrx_word' id='word_1_270' title='bbox 1002 3800 1025 3842; x_wconf 77' lang='lat' dir='ltr'><strong>a.</strong></span> <span class='ocrx_word' id='word_1_271' title='bbox 1045 3805 1074 3848; x_wconf 78' lang='lat' dir='ltr'><strong>v.</strong></span> <span class='ocrx_word' id='word_1_272' title='bbox 1096 3802 1194 3863; x_wconf 79' lang='lat' dir='ltr'><strong>ogere.</strong></span> <span class='ocrx_word' id='word_1_273' title='bbox 1214 3802 1303 3863; x_wconf 82' lang='lat' dir='ltr'><strong>qaum</strong></span> <span class='ocrx_word' id='word_1_274' title='bbox 1323 3782 1455 3845; x_wconf 69' lang='lat' dir='ltr'><strong>tutanos</strong></span> <span class='ocrx_word' id='word_1_275' title='bbox 1471 3782 1561 3864; x_wconf 73' lang='lat' dir='ltr'><strong>putu</strong></span> <span class='ocrx_word' id='word_1_276' title='bbox 1579 3782 1649 3845; x_wconf 85' lang='lat' dir='ltr'><strong>libri</strong></span> <span class='ocrx_word' id='word_1_277' title='bbox 1667 3784 1771 3845; x_wconf 77' lang='lat' dir='ltr'><strong>aCirc.</strong></span> <span class='ocrx_word' id='word_1_278' title='bbox 1868 3815 1869 3832; x_wconf 36' lang='grc' dir='ltr'><strong>κ</strong></span> 
     </span>
     <span class='ocr_line' id='line_1_29' title="bbox 384 3871 1869 3973; baseline -0.001 -21"><span class='ocrx_word' id='word_1_279' title='bbox 384 3888 473 3952; x_wconf 86' lang='lat' dir='ltr'><strong>conio</strong></span> <span class='ocrx_word' id='word_1_280' title='bbox 493 3884 614 3947; x_wconf 80' lang='lat' dir='ltr'><strong>laudati.</strong></span> <span class='ocrx_word' id='word_1_281' title='bbox 634 3904 706 3964; x_wconf 77' lang='lat' dir='ltr'><strong>quor</strong></span> <span class='ocrx_word' id='word_1_282' title='bbox 724 3886 823 3947; x_wconf 74' lang='lat' dir='ltr'><strong>Ursini</strong></span> <span class='ocrx_word' id='word_1_283' title='bbox 842 3884 927 3947; x_wconf 86' lang='lat' dir='ltr'><strong>liber.</strong></span> <span class='ocrx_word' id='word_1_284' title='bbox 948 3887 1176 3968; x_wconf 75' lang='lat' dir='ltr'><strong>magistratuum</strong></span> <span class='ocrx_word' id='word_1_285' title='bbox 1194 3889 1293 3951; x_wconf 85' lang='lat' dir='ltr'><strong>Vatic.</strong></span> <span class='ocrx_word' id='word_1_286' title='bbox 1314 3886 1398 3955; x_wconf 76' lang='lat' dir='ltr'><strong>Febr.</strong></span> <span class='ocrx_word' id='word_1_287' title='bbox 1418 3888 1494 3951; x_wconf 77' lang='lat' dir='ltr'><strong>Baio.</strong></span> <span class='ocrx_word' id='word_1_288' title='bbox 1515 3888 1591 3950; x_wconf 84' lang='lat' dir='ltr'><strong>mibi</strong></span> <span class='ocrx_word' id='word_1_289' title='bbox 1610 3890 1725 3973; x_wconf 80' lang='lat' dir='ltr'><strong>quidun</strong></span> <span class='ocrx_word' id='word_1_290' title='bbox 1737 3890 1770 3949; x_wconf 83' lang='lat' dir='ltr'><strong>ie.</strong></span> <span class='ocrx_word' id='word_1_291' title='bbox 1868 3871 1869 3902; x_wconf 59' lang='lat'><strong><em>;</em></strong></span> 
     </span>
     <span class='ocr_line' id='line_1_30' title="bbox 383 3981 1869 4078; baseline 0.005 -24"><span class='ocrx_word' id='word_1_292' title='bbox 383 3993 513 4078; x_wconf 76' lang='lat' dir='ltr'><strong>gendum</strong></span> <span class='ocrx_word' id='word_1_293' title='bbox 528 4010 585 4051; x_wconf 75' lang='lat' dir='ltr'><strong>erae</strong></span> <span class='ocrx_word' id='word_1_294' title='bbox 598 3990 750 4053; x_wconf 81' lang='lat' dir='ltr'><strong>videbatur</strong></span> <span class='ocrx_word' id='word_1_295' title='bbox 765 4011 938 4053; x_wconf 72' lang='lat' dir='ltr'><strong>momorum</strong></span> <span class='ocrx_word' id='word_1_296' title='bbox 949 4002 1067 4074; x_wconf 77' lang='lat' dir='ltr'><strong>portem</strong></span> <span class='ocrx_word' id='word_1_297' title='bbox 1080 3994 1306 4076; x_wconf 75' lang='lat' dir='ltr'><strong>magbtrotuum</strong></span> <span class='ocrx_word' id='word_1_298' title='bbox 1314 4036 1325 4073; x_wconf 85' lang='lat'><strong><em>,</em></strong></span> <span class='ocrx_word' id='word_1_299' title='bbox 1345 3996 1396 4056; x_wconf 82' lang='lat' dir='ltr'><strong>red</strong></span> <span class='ocrx_word' id='word_1_300' title='bbox 1412 3998 1578 4059; x_wconf 86' lang='lat' dir='ltr'><strong>auctoritati</strong></span> <span class='ocrx_word' id='word_1_301' title='bbox 1587 3998 1684 4065; x_wconf 77' lang='lat' dir='ltr'><strong>codd.</strong></span> <span class='ocrx_word' id='word_1_302' title='bbox 1703 3998 1771 4061; x_wconf 71' lang='lat' dir='ltr'><strong>cestii</strong></span> <span class='ocrx_word' id='word_1_303' title='bbox 1868 3981 1869 4012; x_wconf 63' lang='lat'>³</span> 
     </span>
     <span class='ocr_line' id='line_1_31' title="bbox 381 4081 1869 4183; baseline 0.003 -24"><span class='ocrx_word' id='word_1_304' title='bbox 381 4099 516 4161; x_wconf 81' lang='lat' dir='ltr'><strong>audacio.</strong></span> <span class='ocrx_word' id='word_1_305' title='bbox 537 4097 666 4177; x_wconf 71' lang='lat' dir='ltr'><strong>quamvis</strong></span> <span class='ocrx_word' id='word_1_306' title='bbox 678 4097 775 4160; x_wconf 76' lang='lat' dir='ltr'><strong>omnic</strong></span> <span class='ocrx_word' id='word_1_307' title='bbox 792 4096 921 4177; x_wconf 68' lang='lat' dir='ltr'><strong>Quirites</strong></span> <span class='ocrx_word' id='word_1_308' title='bbox 938 4099 978 4159; x_wconf 83' lang='lat' dir='ltr'><strong>ita</strong></span> <span class='ocrx_word' id='word_1_309' title='bbox 992 4109 1100 4162; x_wconf 67' lang='lat' dir='ltr'><strong>vetere</strong></span> <span class='ocrx_word' id='word_1_310' title='bbox 1112 4100 1212 4162; x_wconf 85' lang='lat' dir='ltr'><strong>libria</strong></span> <span class='ocrx_word' id='word_1_311' title='bbox 1231 4100 1392 4161; x_wconf 84' lang='lat' dir='ltr'><strong>Ciacconio</strong></span> <span class='ocrx_word' id='word_1_312' title='bbox 1406 4101 1528 4164; x_wconf 85' lang='lat' dir='ltr'><strong>laudati.</strong></span> <span class='ocrx_word' id='word_1_313' title='bbox 1546 4122 1638 4183; x_wconf 65' lang='lat' dir='ltr'><strong>qurum</strong></span> <span class='ocrx_word' id='word_1_314' title='bbox 1656 4104 1698 4169; x_wconf 72' lang='lat' dir='ltr'><strong>vis</strong></span> <span class='ocrx_word' id='word_1_315' title='bbox 1714 4124 1770 4165; x_wconf 85' lang='lat' dir='ltr'><strong>om·</strong></span> <span class='ocrx_word' id='word_1_316' title='bbox 1868 4081 1869 4136; x_wconf 63' lang='lat' dir='ltr'><strong>i</strong></span> 
     </span>
     <span class='ocr_line' id='line_1_32' title="bbox 381 4202 1768 4297; baseline 0.001 -28"><span class='ocrx_word' id='word_1_317' title='bbox 381 4210 426 4269; x_wconf 78' lang='lat' dir='ltr'><strong>nir</strong></span> <span class='ocrx_word' id='word_1_318' title='bbox 445 4206 564 4267; x_wconf 69' lang='lat' dir='ltr'><strong>launo</strong></span> <span class='ocrx_word' id='word_1_319' title='bbox 583 4206 715 4265; x_wconf 78' lang='lat' dir='ltr'><strong>Lafiniua</strong></span> <span class='ocrx_word' id='word_1_320' title='bbox 727 4202 913 4267; x_wconf 73' lang='lat' dir='ltr'><strong>viterbiensis</strong></span> <span class='ocrx_word' id='word_1_321' title='bbox 928 4206 1070 4281; x_wconf 77' lang='lat' dir='ltr'><strong>coniecit,</strong></span> <span class='ocrx_word' id='word_1_322' title='bbox 1091 4207 1247 4271; x_wconf 80' lang='lat' dir='ltr'><strong>confirmat</strong></span> <span class='ocrx_word' id='word_1_323' title='bbox 1260 4208 1425 4273; x_wconf 70' lang='lat' dir='ltr'><strong>Vaticanus.</strong></span> <span class='ocrx_word' id='word_1_324' title='bbox 1445 4208 1492 4270; x_wconf 83' lang='lat' dir='ltr'><strong>uti</strong></span> <span class='ocrx_word' id='word_1_325' title='bbox 1508 4229 1572 4289; x_wconf 79' lang='lat' dir='ltr'><strong>quoe</strong></span> <span class='ocrx_word' id='word_1_326' title='bbox 1590 4212 1668 4275; x_wconf 75' lang='lat' dir='ltr'><strong>imru</strong></span> <span class='ocrx_word' id='word_1_327' title='bbox 1686 4215 1768 4297; x_wconf 78' lang='lat' dir='ltr'><strong>migr.</strong></span> 
     </span>
    </p>
   </div>
   <div class='ocr_carea' id='block_1_4' title="bbox 0 0 1930 4867">
    <p class='ocr_par' dir='ltr' id='par_1_5' title="bbox 0 0 1930 4867">
     <span class='ocr_line' id='line_1_33' title="bbox 0 0 1930 4867; baseline 0 5"><span class='ocrx_word' id='word_1_328' title='bbox 0 0 1930 4867; x_wconf 95' lang='lat' dir='ltr'><strong> </strong></span> 
     </span>
    </p>
   </div>
  </div>
 </body>
</html>
