<?xml version="1.0" encoding="UTF-8"?>
<!DOCTYPE html PUBLIC "-//W3C//DTD XHTML 1.0 Transitional//EN"
    "http://www.w3.org/TR/xhtml1/DTD/xhtml1-transitional.dtd">
<html xmlns="http://www.w3.org/1999/xhtml" xml:lang="en" lang="en">
 <head>
  <title>
</title>
<meta http-equiv="Content-Type" content="text/html;charset=utf-8" />
  <meta name='ocr-system' content='tesseract 3.04.00' />
  <meta name='ocr-capabilities' content='ocr_page ocr_carea ocr_par ocr_line ocrx_word'/>
</head>
<body>
  <div class='ocr_page' id='page_1' title='image "./salustiiquaeexs01sallgoog_0314.png"; bbox 0 0 3850 4867; ppageno 0'>
   <div class='ocr_carea' id='block_1_1' title="bbox 398 340 472 390">
    <p class='ocr_par' dir='ltr' id='par_1_1' title="bbox 398 340 472 390">
     <span class='ocr_line' id='line_1_1' title="bbox 398 340 472 390; baseline 0.014 -1"><span class='ocrx_word' id='word_1_1' title='bbox 398 340 472 390; x_wconf 80' lang='lat'><strong>220</strong></span> 
     </span>
    </p>
   </div>
   <div class='ocr_carea' id='block_1_2' title="bbox 350 496 1794 3831">
    <p class='ocr_par' dir='ltr' id='par_1_2' title="bbox 350 496 1794 3831">
     <span class='ocr_line' id='line_1_2' title="bbox 478 496 1788 609; baseline 0.005 -34"><span class='ocrx_word' id='word_1_2' title='bbox 478 503 530 575; x_wconf 85' lang='lat' dir='ltr'><strong>At</strong></span> <span class='ocrx_word' id='word_1_3' title='bbox 552 500 697 577; x_wconf 74' lang='lat' dir='ltr'><strong>scilicet</strong></span> <span class='ocrx_word' id='word_1_4' title='bbox 715 528 791 592; x_wconf 78' lang='lat' dir='ltr'><strong>eos,</strong></span> <span class='ocrx_word' id='word_1_5' title='bbox 813 504 884 606; x_wconf 85' lang='lat' dir='ltr'><strong>qui</strong></span> <span class='ocrx_word' id='word_1_6' title='bbox 896 496 957 580; x_wconf 76' lang='lat' dir='ltr'><strong>&#39;ad</strong></span> <span class='ocrx_word' id='word_1_7' title='bbox 971 518 1203 609; x_wconf 74' lang='lat' dir='ltr'><strong>postremum</strong></span> <span class='ocrx_word' id='word_1_8' title='bbox 1221 527 1343 604; x_wconf 76' lang='lat' dir='ltr'><strong>utque</strong></span> <span class='ocrx_word' id='word_1_9' title='bbox 1359 499 1515 603; x_wconf 68' lang='lat' dir='ltr'><strong>legatos,</strong></span> <span class='ocrx_word' id='word_1_10' title='bbox 1537 520 1681 599; x_wconf 68' lang='lat' dir='ltr'><strong>paoem,</strong></span> <span class='ocrx_word' id='word_1_11' title='bbox 1697 516 1788 565; x_wconf 80' lang='lat'>⁰⁰¹1·</span> 
     </span>
     <span class='ocr_line' id='line_1_3' title="bbox 398 619 1788 727; baseline -0.003 -30"><span class='ocrx_word' id='word_1_12' title='bbox 398 622 568 699; x_wconf 88' lang='lat' dir='ltr'><strong>cordiam</strong></span> <span class='ocrx_word' id='word_1_13' title='bbox 591 640 631 698; x_wconf 91' lang='lat' dir='ltr'><strong>et</strong></span> <span class='ocrx_word' id='word_1_14' title='bbox 654 624 730 699; x_wconf 88' lang='lat' dir='ltr'><strong>alia</strong></span> <span class='ocrx_word' id='word_1_15' title='bbox 754 623 1019 702; x_wconf 74' lang='lat' dir='ltr'><strong>huiuscemodi</strong></span> <span class='ocrx_word' id='word_1_16' title='bbox 1045 626 1321 714; x_wconf 76' lang='lat' dir='ltr'><strong>decoeverunt,</strong></span> <span class='ocrx_word' id='word_1_17' title='bbox 1352 623 1514 727; x_wconf 79' lang='lat' dir='ltr'><strong>gratiam</strong></span> <span class='ocrx_word' id='word_1_18' title='bbox 1535 619 1586 695; x_wconf 85' lang='lat' dir='ltr'><strong>ah</strong></span> <span class='ocrx_word' id='word_1_19' title='bbox 1612 644 1656 693; x_wconf 86' lang='lat' dir='ltr'><strong>eo</strong></span> <span class='ocrx_word' id='word_1_20' title='bbox 1677 640 1788 720; x_wconf 78' lang='lat' dir='ltr'><strong>pepe·</strong></span> 
     </span>
     <span class='ocr_line' id='line_1_4' title="bbox 399 741 1790 853; baseline -0.005 -32"><span class='ocrx_word' id='word_1_21' title='bbox 399 744 496 821; x_wconf 74' lang='lat' dir='ltr'><strong>risse</strong></span> <span class='ocrx_word' id='word_1_22' title='bbox 528 750 612 821; x_wconf 92' lang='lat' dir='ltr'><strong>lmo</strong></span> <span class='ocrx_word' id='word_1_23' title='bbox 628 747 792 851; x_wconf 71' lang='lat' dir='ltr'><strong>despecti</strong></span> <span class='ocrx_word' id='word_1_24' title='bbox 806 765 845 823; x_wconf 92' lang='lat' dir='ltr'><strong>et</strong></span> <span class='ocrx_word' id='word_1_25' title='bbox 862 748 1014 852; x_wconf 77' lang='lat' dir='ltr'><strong>indigni</strong></span> <span class='ocrx_word' id='word_1_26' title='bbox 1040 748 1234 853; x_wconf 81' lang='lat' dir='ltr'>republica</span> <span class='ocrx_word' id='word_1_27' title='bbox 1254 744 1394 836; x_wconf 88' lang='lat' dir='ltr'><strong>hahiti,</strong></span> <span class='ocrx_word' id='word_1_28' title='bbox 1416 743 1555 850; x_wconf 68' lang='lat' dir='ltr'><strong>prmdae</strong></span> <span class='ocrx_word' id='word_1_29' title='bbox 1579 741 1664 817; x_wconf 89' lang='lat' dir='ltr'><strong>loco</strong></span> <span class='ocrx_word' id='word_1_30' title='bbox 1681 754 1790 815; x_wconf 54' lang='lat' dir='ltr'><strong>mtu-</strong></span> 
     </span>
     <span class='ocr_line' id='line_1_5' title="bbox 399 865 1791 975; baseline -0.003 -34"><span class='ocrx_word' id='word_1_31' title='bbox 399 886 584 945; x_wconf 87' lang='lat' dir='ltr'><strong>mantur:</strong></span> <span class='ocrx_word' id='word_1_32' title='bbox 608 871 752 973; x_wconf 84' lang='lat' dir='ltr'><strong>quippe</strong></span> <span class='ocrx_word' id='word_1_33' title='bbox 768 888 875 947; x_wconf 87' lang='lat' dir='ltr'><strong>metu</strong></span> <span class='ocrx_word' id='word_1_34' title='bbox 895 898 1031 975; x_wconf 80' lang='lat' dir='ltr'>pacem</span> <span class='ocrx_word' id='word_1_35' title='bbox 1049 885 1273 974; x_wconf 78' lang='lat' dir='ltr'><strong>repetentes,</strong></span> <span class='ocrx_word' id='word_1_36' title='bbox 1296 896 1375 973; x_wconf 83' lang='lat' dir='ltr'><strong>quo</strong></span> <span class='ocrx_word' id='word_1_37' title='bbox 1388 867 1560 945; x_wconf 82' lang='lat' dir='ltr'><strong>habitam</strong></span> <span class='ocrx_word' id='word_1_38' title='bbox 1578 865 1791 943; x_wconf 81' lang='lat' dir='ltr'><strong>amiserant</strong></span> 
     </span>
     <span class='ocr_line' id='line_1_6' title="bbox 399 989 1792 1098; baseline -0.006 -28"><span class='ocrx_word' id='word_1_39' title='bbox 399 992 590 1093; x_wconf 75' lang='lat' dir='ltr'><strong>Equidem</strong></span> <span class='ocrx_word' id='word_1_40' title='bbox 610 1021 633 1068; x_wconf 90' lang='lat' dir='ltr'><strong>a</strong></span> <span class='ocrx_word' id='word_1_41' title='bbox 654 995 863 1098; x_wconf 91' lang='lat' dir='ltr'><strong>principio,</strong></span> <span class='ocrx_word' id='word_1_42' title='bbox 889 1022 1012 1097; x_wconf 81' lang='lat' dir='ltr'><strong>quum</strong></span> <span class='ocrx_word' id='word_1_43' title='bbox 1034 994 1227 1069; x_wconf 83' lang='lat' dir='ltr'><strong>Etruriam</strong></span> <span class='ocrx_word' id='word_1_44' title='bbox 1241 993 1461 1080; x_wconf 85' lang='lat' dir='ltr'><strong>coniurare,</strong></span> <span class='ocrx_word' id='word_1_45' title='bbox 1484 989 1717 1093; x_wconf 77' lang='lat' dir='ltr'><strong>proscriptos</strong></span> <span class='ocrx_word' id='word_1_46' title='bbox 1731 1010 1792 1061; x_wconf 84' lang='lat' dir='ltr'><strong>ac·</strong></span> 
     </span>
     <span class='ocr_line' id='line_1_7' title="bbox 400 1106 1792 1221; baseline -0.006 -26"><span class='ocrx_word' id='word_1_47' title='bbox 400 1106 514 1205; x_wconf 84' lang='lat' dir='ltr'><strong>oe&#39;rsi,</strong></span> <span class='ocrx_word' id='word_1_48' title='bbox 538 1116 802 1220; x_wconf 74' lang='lat' dir='ltr'>largitionibus</span> <span class='ocrx_word' id='word_1_49' title='bbox 819 1118 1098 1221; x_wconf 79' lang='lat' dir='ltr'><strong>rempublicam</strong></span> <span class='ocrx_word' id='word_1_50' title='bbox 1116 1117 1274 1194; x_wconf 87' lang='lat' dir='ltr'><strong>lacerari</strong></span> <span class='ocrx_word' id='word_1_51' title='bbox 1299 1116 1492 1205; x_wconf 85' lang='lat' dir='ltr'><strong>ridebam,</strong></span> <span class='ocrx_word' id='word_1_52' title='bbox 1515 1112 1792 1189; x_wconf 82' lang='lat' dir='ltr'><strong>maturandum</strong></span> 
     </span>
     <span class='ocr_line' id='line_1_8' title="bbox 400 1240 1792 1346; baseline -0.001 -31"><span class='ocrx_word' id='word_1_53' title='bbox 400 1240 604 1343; x_wconf 86' lang='lat' dir='ltr'><strong>putabam,</strong></span> <span class='ocrx_word' id='word_1_54' title='bbox 628 1258 667 1319; x_wconf 85' lang='lat' dir='ltr'><strong>et</strong></span> <span class='ocrx_word' id='word_1_55' title='bbox 697 1242 825 1320; x_wconf 87' lang='lat' dir='ltr'><strong>Catuli</strong></span> <span class='ocrx_word' id='word_1_56' title='bbox 846 1242 1005 1317; x_wconf 80' lang='lat' dir='ltr'><strong>consilia</strong></span> <span class='ocrx_word' id='word_1_57' title='bbox 1029 1270 1119 1317; x_wconf 90' lang='lat' dir='ltr'><strong>cnm</strong></span> <span class='ocrx_word' id='word_1_58' title='bbox 1149 1242 1280 1346; x_wconf 79' lang='lat' dir='ltr'><strong>paucis</strong></span> <span class='ocrx_word' id='word_1_59' title='bbox 1305 1256 1454 1317; x_wconf 83' lang='lat' dir='ltr'><strong>secutus</strong></span> <span class='ocrx_word' id='word_1_60' title='bbox 1478 1266 1572 1315; x_wconf 84' lang='lat' dir='ltr'><strong>sum</strong></span> <span class='ocrx_word' id='word_1_61' title='bbox 1614 1240 1792 1315; x_wconf 89' lang='lat' dir='ltr'><strong>Ceterum</strong></span> 
     </span>
     <span class='ocr_line' id='line_1_9' title="bbox 400 1352 1793 1469; baseline 0.001 -33"><span class='ocrx_word' id='word_1_62' title='bbox 400 1363 479 1455; x_wconf 89' lang='lat' dir='ltr'><strong>illi,</strong></span> <span class='ocrx_word' id='word_1_63' title='bbox 502 1363 572 1466; x_wconf 85' lang='lat' dir='ltr'><strong>qui</strong></span> <span class='ocrx_word' id='word_1_64' title='bbox 592 1365 713 1469; x_wconf 74' lang='lat' dir='ltr'><strong>gffltie</strong></span> <span class='ocrx_word' id='word_1_65' title='bbox 734 1364 905 1439; x_wconf 76' lang='lat' dir='ltr'><strong>Aemilia</strong></span> <span class='ocrx_word' id='word_1_66' title='bbox 923 1364 1120 1441; x_wconf 80' lang='lat' dir='ltr'><strong>benefacta</strong></span> <span class='ocrx_word' id='word_1_67' title='bbox 1144 1364 1393 1456; x_wconf 81' lang='lat' dir='ltr'><strong>extollebant,</strong></span> <span class='ocrx_word' id='word_1_68' title='bbox 1417 1382 1456 1439; x_wconf 88' lang='lat' dir='ltr'><strong>et</strong></span> <span class='ocrx_word' id='word_1_69' title='bbox 1477 1352 1707 1468; x_wconf 79' lang='lat' dir='ltr'><strong>ignoscendo</strong></span> <span class='ocrx_word' id='word_1_70' title='bbox 1726 1390 1793 1467; x_wconf 91' lang='lat' dir='ltr'><strong>po-</strong></span> 
     </span>
     <span class='ocr_line' id='line_1_10' title="bbox 399 1486 1794 1593; baseline -0.001 -32"><span class='ocrx_word' id='word_1_71' title='bbox 399 1488 485 1590; x_wconf 90' lang='lat' dir='ltr'><strong>puli</strong></span> <span class='ocrx_word' id='word_1_72' title='bbox 513 1488 674 1565; x_wconf 77' lang='lat' dir='ltr'><strong>Romani</strong></span> <span class='ocrx_word' id='word_1_73' title='bbox 701 1488 1006 1593; x_wconf 80' lang='lat' dir='ltr'><strong>magnitudinem</strong></span> <span class='ocrx_word' id='word_1_74' title='bbox 1033 1488 1205 1579; x_wconf 80' lang='lat' dir='ltr'><strong>auxisse,</strong></span> <span class='ocrx_word' id='word_1_75' title='bbox 1224 1515 1414 1592; x_wconf 76' lang='lat' dir='ltr'><strong>nmquam</strong></span> <span class='ocrx_word' id='word_1_76' title='bbox 1437 1488 1553 1563; x_wconf 86' lang='lat' dir='ltr'><strong>etiam</strong></span> <span class='ocrx_word' id='word_1_77' title='bbox 1580 1503 1665 1561; x_wconf 90' lang='lat' dir='ltr'><strong>tum</strong></span> <span class='ocrx_word' id='word_1_78' title='bbox 1684 1486 1794 1589; x_wconf 87' lang='lat' dir='ltr'><strong>Lepi-</strong></span> 
     </span>
     <span class='ocr_line' id='line_1_11' title="bbox 399 1596 1794 1718; baseline -0.003 -29"><span class='ocrx_word' id='word_1_79' title='bbox 399 1610 749 1717; x_wconf 50' lang='lat' dir='ltr'><strong>dumaeprogmsum</strong></span> <span class='ocrx_word' id='word_1_80' title='bbox 763 1616 942 1706; x_wconf 76' lang='lat' dir='ltr'><strong>aiebant,</strong></span> <span class='ocrx_word' id='word_1_81' title='bbox 965 1642 1088 1718; x_wconf 91' lang='lat' dir='ltr'><strong>quum</strong></span> <span class='ocrx_word' id='word_1_82' title='bbox 1108 1613 1255 1718; x_wconf 77' lang='lat' dir='ltr'><strong>privata</strong></span> <span class='ocrx_word' id='word_1_83' title='bbox 1279 1640 1385 1688; x_wconf 85' lang='lat' dir='ltr'><strong>arma</strong></span> <span class='ocrx_word' id='word_1_84' title='bbox 1403 1596 1672 1716; x_wconf 64' lang='lat' dir='ltr'><strong>opprimundae</strong></span> <span class='ocrx_word' id='word_1_85' title='bbox 1684 1612 1794 1687; x_wconf 86' lang='lat' dir='ltr'><strong>liber·</strong></span> 
     </span>
     <span class='ocr_line' id='line_1_12' title="bbox 401 1735 1794 1842; baseline 0.001 -32"><span class='ocrx_word' id='word_1_86' title='bbox 401 1736 492 1811; x_wconf 76' lang='lat' dir='ltr'><strong>tatia</strong></span> <span class='ocrx_word' id='word_1_87' title='bbox 508 1738 686 1840; x_wconf 65' lang='lat' dir='ltr'><strong>cepisset,</strong></span> <span class='ocrx_word' id='word_1_88' title='bbox 702 1738 775 1815; x_wconf 79' lang='lat' dir='ltr'><strong>sibi</strong></span> <span class='ocrx_word' id='word_1_89' title='bbox 802 1739 963 1841; x_wconf 84' lang='lat' dir='ltr'><strong>quisque</strong></span> <span class='ocrx_word' id='word_1_90' title='bbox 984 1764 1072 1842; x_wconf 76' lang='lat' dir='ltr'><strong>opes</strong></span> <span class='ocrx_word' id='word_1_91' title='bbox 1092 1753 1160 1812; x_wconf 88' lang='lat' dir='ltr'><strong>aut</strong></span> <span class='ocrx_word' id='word_1_92' title='bbox 1179 1737 1392 1841; x_wconf 82' lang='lat' dir='ltr'><strong>patrocinia</strong></span> <span class='ocrx_word' id='word_1_93' title='bbox 1414 1735 1622 1838; x_wconf 71' lang='lat' dir='ltr'><strong>querendo</strong></span> <span class='ocrx_word' id='word_1_94' title='bbox 1642 1737 1794 1813; x_wconf 85' lang='lat' dir='ltr'><strong>oonsili-</strong></span> 
     </span>
     <span class='ocr_line' id='line_1_13' title="bbox 400 1860 1794 1964; baseline 0 -27"><span class='ocrx_word' id='word_1_95' title='bbox 400 1886 469 1937; x_wconf 88' lang='lat' dir='ltr'><strong>um</strong></span> <span class='ocrx_word' id='word_1_96' title='bbox 485 1860 687 1963; x_wconf 83' lang='lat' dir='ltr'><strong>publicum</strong></span> <span class='ocrx_word' id='word_1_97' title='bbox 704 1877 969 1964; x_wconf 78' lang='lat' dir='ltr'><strong>corruperunt</strong></span> <span class='ocrx_word' id='word_1_98' title='bbox 1004 1866 1056 1935; x_wconf 86' lang='lat' dir='ltr'><strong>At</strong></span> <span class='ocrx_word' id='word_1_99' title='bbox 1077 1876 1161 1935; x_wconf 91' lang='lat' dir='ltr'><strong>tum</strong></span> <span class='ocrx_word' id='word_1_100' title='bbox 1178 1877 1260 1935; x_wconf 88' lang='lat' dir='ltr'><strong>erat</strong></span> <span class='ocrx_word' id='word_1_101' title='bbox 1278 1860 1444 1963; x_wconf 85' lang='lat' dir='ltr'><strong>Lepidus</strong></span> <span class='ocrx_word' id='word_1_102' title='bbox 1466 1860 1565 1935; x_wconf 91' lang='lat' dir='ltr'><strong>latro</strong></span> <span class='ocrx_word' id='word_1_103' title='bbox 1581 1886 1673 1937; x_wconf 91' lang='lat' dir='ltr'><strong>cum</strong></span> <span class='ocrx_word' id='word_1_104' title='bbox 1697 1861 1794 1937; x_wconf 88' lang='lat' dir='ltr'><strong>calo-</strong></span> 
     </span>
     <span class='ocr_line' id='line_1_14' title="bbox 400 1983 1794 2089; baseline 0.003 -32"><span class='ocrx_word' id='word_1_105' title='bbox 400 1983 516 2061; x_wconf 78' lang='lat' dir='ltr'><strong>nibus</strong></span> <span class='ocrx_word' id='word_1_106' title='bbox 533 2000 571 2061; x_wconf 91' lang='lat' dir='ltr'><strong>et</strong></span> <span class='ocrx_word' id='word_1_107' title='bbox 583 1985 715 2089; x_wconf 74' lang='lat' dir='ltr'><strong>paucis</strong></span> <span class='ocrx_word' id='word_1_108' title='bbox 731 1984 890 2073; x_wconf 75' lang='lat' dir='ltr'><strong>oimriio,</strong></span> <span class='ocrx_word' id='word_1_109' title='bbox 915 2009 1083 2085; x_wconf 82' lang='lat' dir='ltr'><strong>quorum</strong></span> <span class='ocrx_word' id='word_1_110' title='bbox 1105 2009 1217 2058; x_wconf 90' lang='lat' dir='ltr'><strong>nemo</strong></span> <span class='ocrx_word' id='word_1_111' title='bbox 1234 2010 1314 2060; x_wconf 89' lang='lat' dir='ltr'><strong>non</strong></span> <span class='ocrx_word' id='word_1_112' title='bbox 1327 1985 1469 2060; x_wconf 89' lang='lat' dir='ltr'><strong>diurna</strong></span> <span class='ocrx_word' id='word_1_113' title='bbox 1489 1984 1662 2060; x_wconf 78' lang='lat' dir='ltr'><strong>mercede</strong></span> <span class='ocrx_word' id='word_1_114' title='bbox 1679 1986 1794 2061; x_wconf 88' lang='lat' dir='ltr'><strong>vitam</strong></span> 
     </span>
     <span class='ocr_line' id='line_1_15' title="bbox 400 2106 1793 2211; baseline -0.001 -25"><span class='ocrx_word' id='word_1_115' title='bbox 400 2109 628 2186; x_wconf 84' lang='lat' dir='ltr'><strong>mutaverit:</strong></span> <span class='ocrx_word' id='word_1_116' title='bbox 652 2135 759 2183; x_wconf 91' lang='lat' dir='ltr'><strong>nunc</strong></span> <span class='ocrx_word' id='word_1_117' title='bbox 777 2124 833 2183; x_wconf 76' lang='lat' dir='ltr'><strong>est</strong></span> <span class='ocrx_word' id='word_1_118' title='bbox 847 2106 1051 2211; x_wconf 85' lang='lat' dir='ltr'><strong>proconsul</strong></span> <span class='ocrx_word' id='word_1_119' title='bbox 1072 2132 1162 2183; x_wconf 88' lang='lat' dir='ltr'><strong>cum</strong></span> <span class='ocrx_word' id='word_1_120' title='bbox 1180 2108 1360 2211; x_wconf 88' lang='lat' dir='ltr'><strong>imperio,</strong></span> <span class='ocrx_word' id='word_1_121' title='bbox 1380 2134 1460 2184; x_wconf 89' lang='lat' dir='ltr'><strong>non</strong></span> <span class='ocrx_word' id='word_1_122' title='bbox 1479 2124 1600 2197; x_wconf 85' lang='lat' dir='ltr'><strong>emto,</strong></span> <span class='ocrx_word' id='word_1_123' title='bbox 1621 2109 1689 2185; x_wconf 78' lang='lat' dir='ltr'><strong>sed</strong></span> <span class='ocrx_word' id='word_1_124' title='bbox 1706 2110 1793 2185; x_wconf 87' lang='lat' dir='ltr'><strong>dato</strong></span> 
     </span>
     <span class='ocr_line' id='line_1_16' title="bbox 400 2228 1792 2337; baseline 0.002 -30"><span class='ocrx_word' id='word_1_125' title='bbox 400 2258 422 2307; x_wconf 91' lang='lat' dir='ltr'><strong>a</strong></span> <span class='ocrx_word' id='word_1_126' title='bbox 451 2234 574 2323; x_wconf 78' lang='lat' dir='ltr'><strong>vobis,</strong></span> <span class='ocrx_word' id='word_1_127' title='bbox 607 2259 697 2309; x_wconf 88' lang='lat' dir='ltr'><strong>cum</strong></span> <span class='ocrx_word' id='word_1_128' title='bbox 714 2232 844 2337; x_wconf 79' lang='lat' dir='ltr'><strong>legatis</strong></span> <span class='ocrx_word' id='word_1_129' title='bbox 863 2228 991 2306; x_wconf 87' lang='lat' dir='ltr'><strong>adhuc</strong></span> <span class='ocrx_word' id='word_1_130' title='bbox 1015 2230 1098 2305; x_wconf 89' lang='lat' dir='ltr'><strong>iure</strong></span> <span class='ocrx_word' id='word_1_131' title='bbox 1118 2230 1340 2333; x_wconf 77' lang='lat' dir='ltr'><strong>parentibus</strong></span> <span class='ocrx_word' id='word_1_132' title='bbox 1357 2264 1365 2306; x_wconf 91' lang='lat'>:</span> <span class='ocrx_word' id='word_1_133' title='bbox 1389 2247 1429 2307; x_wconf 88' lang='lat' dir='ltr'><strong>et</strong></span> <span class='ocrx_word' id='word_1_134' title='bbox 1455 2230 1506 2307; x_wconf 88' lang='lat' dir='ltr'><strong>ad</strong></span> <span class='ocrx_word' id='word_1_135' title='bbox 1522 2259 1613 2309; x_wconf 85' lang='lat' dir='ltr'><strong>cum</strong></span> <span class='ocrx_word' id='word_1_136' title='bbox 1633 2260 1792 2309; x_wconf 88' lang='lat' dir='ltr'><strong>concur·</strong></span> 
     </span>
     <span class='ocr_line' id='line_1_17' title="bbox 400 2353 1791 2463; baseline 0 -30"><span class='ocrx_word' id='word_1_137' title='bbox 400 2383 487 2433; x_wconf 84' lang='lat' dir='ltr'><strong>rere·</strong></span> <span class='ocrx_word' id='word_1_138' title='bbox 503 2354 676 2435; x_wconf 73' lang='lat' dir='ltr'><strong>homines</strong></span> <span class='ocrx_word' id='word_1_139' title='bbox 702 2355 876 2431; x_wconf 88' lang='lat' dir='ltr'><strong>omnium</strong></span> <span class='ocrx_word' id='word_1_140' title='bbox 898 2353 1080 2429; x_wconf 85' lang='lat' dir='ltr'><strong>ordinum</strong></span> <span class='ocrx_word' id='word_1_141' title='bbox 1103 2355 1407 2458; x_wconf 78' lang='lat' dir='ltr'><strong>conuptiaeumi3</strong></span> <span class='ocrx_word' id='word_1_142' title='bbox 1439 2355 1640 2461; x_wconf 77' lang='lat' dir='ltr'><strong>flagrantes</strong></span> <span class='ocrx_word' id='word_1_143' title='bbox 1663 2359 1791 2463; x_wconf 84' lang='lat' dir='ltr'><strong>iuopia</strong></span> 
     </span>
     <span class='ocr_line' id='line_1_18' title="bbox 399 2476 1791 2585; baseline 0.003 -30"><span class='ocrx_word' id='word_1_144' title='bbox 399 2496 439 2555; x_wconf 91' lang='lat' dir='ltr'><strong>et</strong></span> <span class='ocrx_word' id='word_1_145' title='bbox 458 2480 724 2584; x_wconf 71' lang='lat' dir='ltr'><strong>cupidinibus,</strong></span> <span class='ocrx_word' id='word_1_146' title='bbox 743 2478 928 2555; x_wconf 80' lang='lat' dir='ltr'><strong>scelerum</strong></span> <span class='ocrx_word' id='word_1_147' title='bbox 939 2476 1169 2553; x_wconf 81' lang='lat' dir='ltr'><strong>conscientia</strong></span> <span class='ocrx_word' id='word_1_148' title='bbox 1187 2479 1384 2581; x_wconf 77' lang='lat' dir='ltr'><strong>exagitati3</strong></span> <span class='ocrx_word' id='word_1_149' title='bbox 1407 2480 1551 2581; x_wconf 83' lang='lat' dir='ltr'><strong>quibus.</strong></span> <span class='ocrx_word' id='word_1_150' title='bbox 1563 2482 1670 2585; x_wconf 86' lang='lat' dir='ltr'><strong>quies</strong></span> <span class='ocrx_word' id='word_1_151' title='bbox 1686 2484 1726 2559; x_wconf 90' lang='lat' dir='ltr'><strong>in</strong></span> <span class='ocrx_word' id='word_1_152' title='bbox 1741 2510 1791 2559; x_wconf 85' lang='lat' dir='ltr'><strong>sc·</strong></span> 
     </span>
     <span class='ocr_line' id='line_1_19' title="bbox 400 2598 1792 2708; baseline 0.005 -31"><span class='ocrx_word' id='word_1_153' title='bbox 400 2602 628 2694; x_wconf 65' lang='lat' dir='ltr'><strong>ditionibus,</strong></span> <span class='ocrx_word' id='word_1_154' title='bbox 654 2604 699 2679; x_wconf 88' lang='lat' dir='ltr'><strong>in</strong></span> <span class='ocrx_word' id='word_1_155' title='bbox 715 2628 808 2708; x_wconf 88' lang='lat' dir='ltr'><strong>pace</strong></span> <span class='ocrx_word' id='word_1_156' title='bbox 831 2601 953 2675; x_wconf 82' lang='lat' dir='ltr'><strong>turhae</strong></span> <span class='ocrx_word' id='word_1_157' title='bbox 971 2615 1061 2675; x_wconf 84' lang='lat' dir='ltr'><strong>sunt</strong></span> <span class='ocrx_word' id='word_1_158' title='bbox 1080 2634 1090 2673; x_wconf 74' lang='grc' dir='ltr'><strong><em>ι</em></strong></span> <span class='ocrx_word' id='word_1_159' title='bbox 1111 2598 1156 2675; x_wconf 86' lang='lat' dir='ltr'><strong>hi</strong></span> <span class='ocrx_word' id='word_1_160' title='bbox 1179 2602 1390 2677; x_wconf 88' lang='lat' dir='ltr'><strong>tumultum</strong></span> <span class='ocrx_word' id='word_1_161' title='bbox 1415 2631 1462 2679; x_wconf 83' lang='lat' dir='ltr'><strong>ex</strong></span> <span class='ocrx_word' id='word_1_162' title='bbox 1488 2608 1687 2698; x_wconf 84' lang='lat' dir='ltr'><strong>tumultu,</strong></span> <span class='ocrx_word' id='word_1_163' title='bbox 1716 2608 1792 2684; x_wconf 90' lang='lat' dir='ltr'><strong>bel·</strong></span> 
     </span>
     <span class='ocr_line' id='line_1_20' title="bbox 399 2722 1790 2830; baseline 0.003 -28"><span class='ocrx_word' id='word_1_164' title='bbox 399 2725 484 2802; x_wconf 88' lang='lat' dir='ltr'><strong>lum</strong></span> <span class='ocrx_word' id='word_1_165' title='bbox 509 2754 555 2801; x_wconf 78' lang='lat' dir='ltr'><strong>er</strong></span> <span class='ocrx_word' id='word_1_166' title='bbox 581 2725 683 2802; x_wconf 87' lang='lat' dir='ltr'><strong>bollo</strong></span> <span class='ocrx_word' id='word_1_167' title='bbox 709 2740 860 2817; x_wconf 77' lang='lat' dir='ltr'><strong>serunt5</strong></span> <span class='ocrx_word' id='word_1_168' title='bbox 881 2722 1080 2799; x_wconf 86' lang='lat' dir='ltr'><strong>Saturnini</strong></span> <span class='ocrx_word' id='word_1_169' title='bbox 1105 2724 1221 2814; x_wconf 84' lang='lat' dir='ltr'><strong>olim,</strong></span> <span class='ocrx_word' id='word_1_170' title='bbox 1242 2743 1326 2829; x_wconf 82' lang='lat' dir='ltr'><strong>post</strong></span> <span class='ocrx_word' id='word_1_171' title='bbox 1355 2727 1544 2830; x_wconf 82' lang='lat' dir='ltr'><strong>Sulpicii,</strong></span> <span class='ocrx_word' id='word_1_172' title='bbox 1564 2730 1656 2807; x_wconf 85' lang='lat' dir='ltr'><strong>dein</strong></span> <span class='ocrx_word' id='word_1_173' title='bbox 1682 2732 1790 2809; x_wconf 82' lang='lat' dir='ltr'><strong>Marii</strong></span> 
     </span>
     <span class='ocr_line' id='line_1_21' title="bbox 399 2847 1791 2959; baseline 0.006 -35"><span class='ocrx_word' id='word_1_174' title='bbox 399 2851 716 2954; x_wconf 75' lang='lat' dir='ltr'><strong>Damasippique,</strong></span> <span class='ocrx_word' id='word_1_175' title='bbox 748 2876 857 2924; x_wconf 88' lang='lat' dir='ltr'><strong>nunc</strong></span> <span class='ocrx_word' id='word_1_176' title='bbox 882 2848 1016 2951; x_wconf 87' lang='lat' dir='ltr'><strong>Lepidi</strong></span> <span class='ocrx_word' id='word_1_177' title='bbox 1050 2847 1239 2925; x_wconf 76' lang='lat' dir='ltr'><strong>satellites.</strong></span> <span class='ocrx_word' id='word_1_178' title='bbox 1282 2853 1464 2927; x_wconf 75' lang='lat' dir='ltr'><strong>Praeterea</strong></span> <span class='ocrx_word' id='word_1_179' title='bbox 1492 2854 1648 2931; x_wconf 80' lang='lat' dir='ltr'><strong>Etruria</strong></span> <span class='ocrx_word' id='word_1_180' title='bbox 1679 2874 1791 2959; x_wconf 85' lang='lat' dir='ltr'><strong>atque</strong></span> 
     </span>
     <span class='ocr_line' id='line_1_22' title="bbox 400 2971 1789 3078; baseline 0.005 -29"><span class='ocrx_word' id='word_1_181' title='bbox 400 3002 529 3051; x_wconf 69' lang='lat' dir='ltr'><strong>omnen</strong></span> <span class='ocrx_word' id='word_1_182' title='bbox 550 2975 724 3078; x_wconf 81' lang='lat' dir='ltr'><strong>reliquiae</strong></span> <span class='ocrx_word' id='word_1_183' title='bbox 739 2972 832 3047; x_wconf 88' lang='lat' dir='ltr'><strong>belli</strong></span> <span class='ocrx_word' id='word_1_184' title='bbox 855 2988 1033 3047; x_wconf 83' lang='lat' dir='ltr'><strong>arrectae:</strong></span> <span class='ocrx_word' id='word_1_185' title='bbox 1058 2971 1251 3075; x_wconf 68' lang='lat' dir='ltr'><strong>Hispaniae</strong></span> <span class='ocrx_word' id='word_1_186' title='bbox 1274 2974 1394 3050; x_wconf 77' lang='lat' dir='ltr'><strong>armis.</strong></span> <span class='ocrx_word' id='word_1_187' title='bbox 1407 2976 1612 3055; x_wconf 71' lang='lat' dir='ltr'><strong>sollicitae2</strong></span> <span class='ocrx_word' id='word_1_188' title='bbox 1640 2980 1789 3057; x_wconf 89' lang='lat' dir='ltr'><strong>Mithri·</strong></span> 
     </span>
     <span class='ocr_line' id='line_1_23' title="bbox 350 3095 1789 3202; baseline 0.004 -27"><span class='ocrx_word' id='word_1_189' title='bbox 350 3126 355 3134; x_wconf 89' lang='lat'>·</span> <span class='ocrx_word' id='word_1_190' title='bbox 398 3097 503 3175; x_wconf 77' lang='lat' dir='ltr'><strong>dates</strong></span> <span class='ocrx_word' id='word_1_191' title='bbox 525 3099 567 3173; x_wconf 91' lang='lat' dir='ltr'><strong>in</strong></span> <span class='ocrx_word' id='word_1_192' title='bbox 597 3098 719 3173; x_wconf 84' lang='lat' dir='ltr'><strong>latere</strong></span> <span class='ocrx_word' id='word_1_193' title='bbox 744 3095 986 3199; x_wconf 75' lang='lat' dir='ltr'><strong>vectigalium</strong></span> <span class='ocrx_word' id='word_1_194' title='bbox 1022 3110 1260 3187; x_wconf 79' lang='lat' dir='ltr'><strong>nostrorum,</strong></span> <span class='ocrx_word' id='word_1_195' title='bbox 1291 3098 1431 3202; x_wconf 79' lang='lat' dir='ltr'><strong>quihus</strong></span> <span class='ocrx_word' id='word_1_196' title='bbox 1456 3100 1585 3177; x_wconf 87' lang='lat' dir='ltr'><strong>adhuc</strong></span> <span class='ocrx_word' id='word_1_197' title='bbox 1608 3122 1789 3181; x_wconf 87' lang='lat' dir='ltr'><strong>sustenta·</strong></span> 
     </span>
     <span class='ocr_line' id='line_1_24' title="bbox 399 3210 1787 3325; baseline 0.005 -28"><span class='ocrx_word' id='word_1_198' title='bbox 399 3248 506 3311; x_wconf 81' lang='lat' dir='ltr'><strong>mur,</strong></span> <span class='ocrx_word' id='word_1_199' title='bbox 520 3220 623 3299; x_wconf 85' lang='lat' dir='ltr'><strong>diem</strong></span> <span class='ocrx_word' id='word_1_200' title='bbox 642 3210 745 3297; x_wconf 80' lang='lat' dir='ltr'><strong>bello</strong></span> <span class='ocrx_word' id='word_1_201' title='bbox 764 3218 1043 3322; x_wconf 75' lang='lat' dir='ltr'><strong>circumspicit:</strong></span> <span class='ocrx_word' id='word_1_202' title='bbox 1068 3220 1164 3322; x_wconf 86' lang='lat' dir='ltr'><strong>quin</strong></span> <span class='ocrx_word' id='word_1_203' title='bbox 1181 3223 1523 3325; x_wconf 80' lang='lat' dir='ltr'><strong>prmteridoueum:</strong></span> <span class='ocrx_word' id='word_1_204' title='bbox 1537 3226 1675 3303; x_wconf 85' lang='lat' dir='ltr'><strong>ducem</strong></span> <span class='ocrx_word' id='word_1_205' title='bbox 1692 3229 1787 3304; x_wconf 92' lang='lat' dir='ltr'><strong>nihil</strong></span> 
     </span>
     <span class='ocr_line' id='line_1_25' title="bbox 397 3341 1787 3455; baseline 0.007 -36"><span class='ocrx_word' id='word_1_206' title='bbox 397 3344 503 3425; x_wconf 74' lang='lat' dir='ltr'><strong>aher</strong></span> <span class='ocrx_word' id='word_1_207' title='bbox 515 3344 567 3418; x_wconf 86' lang='lat' dir='ltr'><strong>ad</strong></span> <span class='ocrx_word' id='word_1_208' title='bbox 585 3341 895 3420; x_wconf 77' lang='lat' dir='ltr'><strong>subvortundum</strong></span> <span class='ocrx_word' id='word_1_209' title='bbox 913 3342 1129 3445; x_wconf 87' lang='lat' dir='ltr'><strong>imperium.</strong></span> <span class='ocrx_word' id='word_1_210' title='bbox 1167 3344 1284 3442; x_wconf 86' lang='lat' dir='ltr'><strong>Quod</strong></span> <span class='ocrx_word' id='word_1_211' title='bbox 1306 3374 1373 3451; x_wconf 78' lang='lat' dir='ltr'><strong>ego</strong></span> <span class='ocrx_word' id='word_1_212' title='bbox 1393 3374 1457 3423; x_wconf 82' lang='lat' dir='ltr'><strong>vos</strong></span> <span class='ocrx_word' id='word_1_213' title='bbox 1486 3377 1558 3425; x_wconf 80' lang='lat' dir='ltr'><strong>oro</strong></span> <span class='ocrx_word' id='word_1_214' title='bbox 1578 3369 1694 3455; x_wconf 86' lang='lat' dir='ltr'><strong>atque</strong></span> <span class='ocrx_word' id='word_1_215' title='bbox 1725 3354 1787 3429; x_wconf 90' lang='lat' dir='ltr'><strong>ob-</strong></span> 
     </span>
     <span class='ocr_line' id='line_1_26' title="bbox 396 3464 1787 3576; baseline 0.006 -31"><span class='ocrx_word' id='word_1_216' title='bbox 396 3492 518 3558; x_wconf 84' lang='lat' dir='ltr'><strong>oecro,</strong></span> <span class='ocrx_word' id='word_1_217' title='bbox 538 3470 664 3545; x_wconf 80' lang='lat' dir='ltr'><strong>Patres</strong></span> <span class='ocrx_word' id='word_1_218' title='bbox 686 3464 907 3568; x_wconf 85' lang='lat' dir='ltr'><strong>conscripti,</strong></span> <span class='ocrx_word' id='word_1_219' title='bbox 926 3480 971 3538; x_wconf 90' lang='lat' dir='ltr'><strong>ut</strong></span> <span class='ocrx_word' id='word_1_220' title='bbox 994 3464 1325 3564; x_wconf 74' lang='lat' dir='ltr'><strong>animadvortatie3</strong></span> <span class='ocrx_word' id='word_1_221' title='bbox 1348 3496 1428 3547; x_wconf 90' lang='lat' dir='ltr'><strong>neu</strong></span> <span class='ocrx_word' id='word_1_222' title='bbox 1449 3474 1652 3576; x_wconf 81' lang='lat' dir='ltr'><strong>patiamini</strong></span> <span class='ocrx_word' id='word_1_223' title='bbox 1675 3478 1787 3553; x_wconf 89' lang='lat' dir='ltr'><strong>licen·</strong></span> 
     </span>
     <span class='ocr_line' id='line_1_27' title="bbox 398 3585 1783 3703; baseline 0.008 -36"><span class='ocrx_word' id='word_1_224' title='bbox 398 3590 494 3667; x_wconf 85' lang='lat' dir='ltr'><strong>tiam</strong></span> <span class='ocrx_word' id='word_1_225' title='bbox 514 3590 724 3680; x_wconf 76' lang='lat' dir='ltr'><strong>scelerum,</strong></span> <span class='ocrx_word' id='word_1_226' title='bbox 765 3586 878 3695; x_wconf 75' lang='lat' dir='ltr'><strong>quasi</strong></span> <span class='ocrx_word' id='word_1_227' title='bbox 905 3585 1082 3678; x_wconf 80' lang='lat' dir='ltr'><strong>rabiem,</strong></span> <span class='ocrx_word' id='word_1_228' title='bbox 1111 3589 1161 3664; x_wconf 90' lang='lat' dir='ltr'><strong>ad</strong></span> <span class='ocrx_word' id='word_1_229' title='bbox 1183 3590 1346 3696; x_wconf 80' lang='lat' dir='ltr'><strong>integros</strong></span> <span class='ocrx_word' id='word_1_230' title='bbox 1373 3612 1553 3672; x_wconf 84' lang='lat' dir='ltr'><strong>contactu</strong></span> <span class='ocrx_word' id='word_1_231' title='bbox 1581 3601 1783 3703; x_wconf 72' lang='lat' dir='ltr'><strong>procedere</strong></span> 
     </span>
     <span class='ocr_line' id='line_1_28' title="bbox 398 3696 1784 3831; baseline -0.006 -37"><span class='ocrx_word' id='word_1_232' title='bbox 398 3696 513 3806; x_wconf 78' lang='lat' dir='ltr'><strong>Nam,</strong></span> <span class='ocrx_word' id='word_1_233' title='bbox 537 3714 606 3789; x_wconf 85' lang='lat' dir='ltr'><strong>ubi</strong></span> <span class='ocrx_word' id='word_1_234' title='bbox 622 3712 742 3792; x_wconf 73' lang='lat' dir='ltr'><strong>malos</strong></span> <span class='ocrx_word' id='word_1_235' title='bbox 756 3710 911 3818; x_wconf 84' lang='lat' dir='ltr'><strong>praemia</strong></span> <span class='ocrx_word' id='word_1_236' title='bbox 929 3726 1160 3811; x_wconf 81' lang='lat' dir='ltr'><strong>sequuntur,</strong></span> <span class='ocrx_word' id='word_1_237' title='bbox 1176 3710 1285 3789; x_wconf 84' lang='lat' dir='ltr'><strong>haud</strong></span> <span class='ocrx_word' id='word_1_238' title='bbox 1301 3714 1412 3792; x_wconf 78' lang='lat' dir='ltr'><strong>facile</strong></span> <span class='ocrx_word' id='word_1_239' title='bbox 1428 3720 1630 3825; x_wconf 78' lang='lat' dir='ltr'><strong>quisquam</strong></span> <span class='ocrx_word' id='word_1_240' title='bbox 1648 3724 1784 3831; x_wconf 64' lang='lat' dir='ltr'><strong>gratui.</strong></span> 
     </span>
    </p>
   </div>
   <div class='ocr_carea' id='block_1_3' title="bbox 396 3898 1812 4317">
    <p class='ocr_par' dir='ltr' id='par_1_3' title="bbox 396 3898 1812 4317">
     <span class='ocr_line' id='line_1_29' title="bbox 396 3898 1781 3998; baseline 0.01 -27"><span class='ocrx_word' id='word_1_241' title='bbox 396 3932 500 3995; x_wconf 76' lang='lat' dir='ltr'><strong>peoem</strong></span> <span class='ocrx_word' id='word_1_242' title='bbox 517 3923 599 3975; x_wconf 75' lang='lat' dir='ltr'><strong>vetuo</strong></span> <span class='ocrx_word' id='word_1_243' title='bbox 610 3912 712 3973; x_wconf 81' lang='lat' dir='ltr'><strong>editio.</strong></span> <span class='ocrx_word' id='word_1_244' title='bbox 734 3909 827 3970; x_wconf 72' lang='lat' dir='ltr'><strong>ludeo</strong></span> <span class='ocrx_word' id='word_1_245' title='bbox 840 3908 981 3989; x_wconf 68' lang='lat' dir='ltr'><strong>pepert&#39;ex</strong></span> <span class='ocrx_word' id='word_1_246' title='bbox 999 3898 1128 3993; x_wconf 82' lang='lat' dir='ltr'><strong>pluiimi·</strong></span> <span class='ocrx_word' id='word_1_247' title='bbox 1142 3910 1220 3971; x_wconf 78' lang='lat' dir='ltr'><strong>libri.</strong></span> <span class='ocrx_word' id='word_1_248' title='bbox 1240 3920 1272 3974; x_wconf 80' lang='lat' dir='ltr'><strong>et</strong></span> <span class='ocrx_word' id='word_1_249' title='bbox 1286 3910 1408 3995; x_wconf 40' lang='lat' dir='ltr'><strong>indibus</strong></span> <span class='ocrx_word' id='word_1_250' title='bbox 1422 3920 1568 3998; x_wconf 76' lang='lat' dir='ltr'><strong>republica</strong></span> <span class='ocrx_word' id='word_1_251' title='bbox 1586 3922 1682 3991; x_wconf 69' lang='lat' dir='ltr'><strong>Corn.</strong></span> <span class='ocrx_word' id='word_1_252' title='bbox 1693 3932 1781 3989; x_wconf 78' lang='lat' dir='ltr'><strong>Fron·</strong></span> 
     </span>
     <span class='ocr_line' id='line_1_30' title="bbox 399 4014 1812 4098; baseline 0.014 -26"><span class='ocrx_word' id='word_1_253' title='bbox 399 4030 432 4080; x_wconf 73' lang='lat' dir='ltr'><strong>to</strong></span> <span class='ocrx_word' id='word_1_254' title='bbox 447 4040 471 4085; x_wconf 68' lang='grc' dir='ltr'><strong>ι,</strong></span> <span class='ocrx_word' id='word_1_255' title='bbox 488 4042 517 4081; x_wconf 70' lang='lat'><strong>7.</strong></span> <span class='ocrx_word' id='word_1_256' title='bbox 531 4017 648 4097; x_wconf 49' lang='lat' dir='ltr'><strong>indign»</strong></span> <span class='ocrx_word' id='word_1_257' title='bbox 658 4014 835 4098; x_wconf 64' lang='lat' dir='ltr'><strong>promptos</strong></span> <span class='ocrx_word' id='word_1_258' title='bbox 850 4014 963 4073; x_wconf 76' lang='lat' dir='ltr'><strong>acoemi</strong></span> <span class='ocrx_word' id='word_1_259' title='bbox 979 4014 1123 4077; x_wconf 76' lang='lat' dir='ltr'><strong>iuvauc.</strong></span> <span class='ocrx_word' id='word_1_260' title='bbox 1142 4016 1282 4078; x_wconf 59' lang='lat' dir='ltr'><strong>meretri</strong></span> <span class='ocrx_word' id='word_1_261' title='bbox 1295 4020 1367 4079; x_wconf 72' lang='lat' dir='ltr'><strong>alian</strong></span> <span class='ocrx_word' id='word_1_262' title='bbox 1381 4022 1495 4081; x_wconf 80' lang='lat' dir='ltr'><strong>editum</strong></span> <span class='ocrx_word' id='word_1_263' title='bbox 1508 4027 1573 4091; x_wconf 76' lang='lat' dir='ltr'><strong>ruit.</strong></span> <span class='ocrx_word' id='word_1_264' title='bbox 1593 4028 1635 4087; x_wconf 83' lang='lat' dir='ltr'><strong>At</strong></span> <span class='ocrx_word' id='word_1_265' title='bbox 1649 4040 1709 4091; x_wconf 79' lang='lat' dir='ltr'><strong>uon</strong></span> <span class='ocrx_word' id='word_1_266' title='bbox 1720 4038 1778 4090; x_wconf 74' lang='lat' dir='ltr'><strong>emt</strong></span> <span class='ocrx_word' id='word_1_267' title='bbox 1809 4034 1812 4049; x_wconf 90' lang='lat'>&#39;</span> 
     </span>
     <span class='ocr_line' id='line_1_31' title="bbox 398 4117 1778 4215; baseline 0.008 -30"><span class='ocrx_word' id='word_1_268' title='bbox 398 4122 436 4185; x_wconf 74' lang='lat' dir='ltr'><strong>L.</strong></span> <span class='ocrx_word' id='word_1_269' title='bbox 454 4125 553 4187; x_wconf 84' lang='lat' dir='ltr'><strong>Vatic.</strong></span> <span class='ocrx_word' id='word_1_270' title='bbox 571 4132 703 4183; x_wconf 74' lang='lat' dir='ltr'><strong>attam</strong></span> <span class='ocrx_word' id='word_1_271' title='bbox 713 4121 817 4181; x_wconf 65' lang='lat' dir='ltr'><strong>ceteri.</strong></span> <span class='ocrx_word' id='word_1_272' title='bbox 829 4117 1062 4180; x_wconf 72' lang='lat' dir='ltr'><strong>ormusolttciioe</strong></span> <span class='ocrx_word' id='word_1_273' title='bbox 1082 4119 1196 4186; x_wconf 70' lang='lat' dir='ltr'><strong>Furio.</strong></span> <span class='ocrx_word' id='word_1_274' title='bbox 1213 4121 1289 4183; x_wconf 85' lang='lat' dir='ltr'><strong>Bric.</strong></span> <span class='ocrx_word' id='word_1_275' title='bbox 1307 4126 1469 4187; x_wconf 69' lang='lat' dir='ltr'><strong>sollicitatae</strong></span> <span class='ocrx_word' id='word_1_276' title='bbox 1487 4132 1582 4192; x_wconf 82' lang='lat' dir='ltr'><strong>ceteri.</strong></span> <span class='ocrx_word' id='word_1_277' title='bbox 1613 4152 1669 4194; x_wconf 83' lang='lat' dir='ltr'><strong>neu</strong></span> <span class='ocrx_word' id='word_1_278' title='bbox 1684 4134 1778 4215; x_wconf 81' lang='lat' dir='ltr'><strong>potio·</strong></span> 
     </span>
     <span class='ocr_line' id='line_1_32' title="bbox 396 4222 1773 4317; baseline 0.005 -24"><span class='ocrx_word' id='word_1_279' title='bbox 396 4228 474 4293; x_wconf 72' lang='lat' dir='ltr'><strong>utini</strong></span> <span class='ocrx_word' id='word_1_280' title='bbox 490 4228 584 4297; x_wconf 67' lang='lat' dir='ltr'><strong>vatic.</strong></span> <span class='ocrx_word' id='word_1_281' title='bbox 604 4246 642 4291; x_wconf 76' lang='lat' dir='ltr'><strong>ne</strong></span> <span class='ocrx_word' id='word_1_282' title='bbox 659 4228 755 4290; x_wconf 77' lang='lat' dir='ltr'><strong>ceteri.</strong></span> <span class='ocrx_word' id='word_1_283' title='bbox 774 4222 990 4306; x_wconf 66' lang='lat' dir='ltr'><strong>quanticum.</strong></span> <span class='ocrx_word' id='word_1_284' title='bbox 1005 4222 1106 4287; x_wconf 74' lang='lat' dir='ltr'><strong>Gauio</strong></span> <span class='ocrx_word' id='word_1_285' title='bbox 1123 4225 1217 4289; x_wconf 75' lang='lat' dir='ltr'><strong>talem</strong></span> <span class='ocrx_word' id='word_1_286' title='bbox 1229 4229 1363 4291; x_wconf 82' lang='lat' dir='ltr'><strong>coniecit.</strong></span> <span class='ocrx_word' id='word_1_287' title='bbox 1384 4230 1512 4313; x_wconf 72' lang='lat' dir='ltr'><strong>integros</strong></span> <span class='ocrx_word' id='word_1_288' title='bbox 1532 4245 1670 4317; x_wconf 72' lang='lat' dir='ltr'><strong>mntoctu</strong></span> <span class='ocrx_word' id='word_1_289' title='bbox 1686 4240 1773 4302; x_wconf 80' lang='lat' dir='ltr'><strong>Vatic.</strong></span> 
     </span>
    </p>
   </div>
   <div class='ocr_carea' id='block_1_4' title="bbox 0 0 1930 4867">
    <p class='ocr_par' dir='ltr' id='par_1_4' title="bbox 0 0 1930 4867">
     <span class='ocr_line' id='line_1_33' title="bbox 0 0 1930 4867; baseline 0 0"><span class='ocrx_word' id='word_1_290' title='bbox 0 0 1930 4867; x_wconf 95' lang='lat' dir='ltr'><strong> </strong></span> 
     </span>
    </p>
   </div>
  </div>
 </body>
</html>
