3850 4867
370 280 420 375 54

367 479 563 569 menterii,
588 480 729 583 quibus
748 480 780 555 si
813 480 977 587 integros
998 484 1171 589 priorum
1191 485 1476 595 philologorum
1497 492 1607 563 notas
1625 500 1664 563 et
1685 486 1769 561 ani-

366 596 642 673 madversiones
670 598 905 701 adjunxeris,
938 601 1051 678 taedio
1075 603 1215 681 laboris
1230 606 1497 683 enecabantur
1524 604 1688 709 legentes
1709 604 1771 706 ip·

364 737 571 815 eorumque
592 714 832 790 eruditorum
861 717 987 791 stu'dia
1010 718 1261 825 languescent.
1299 721 1373 797 Sed
1392 738 1437 795 ut
1461 719 1681 823 diligentius
1707 720 1770 793 in·

364 830 562 931 quiramus
588 829 629 903 in
658 858 718 919 ea,
756 856 842 933 quae
861 831 1025 935 cujusvis
1052 837 1244 939 scriptoris
1276 836 1439 911 orationi
1469 835 1623 938 propria
1656 850 1770 921 sunt,

364 946 505 1035 omnia,
528 972 648 1047 quaa
666 947 813 1051 vulgari
833 974 905 1023 usu
922 949 1105 1052 loquendi
1127 954 1329 1040 recedunt,
1356 951 1567 1054 colligenda
1578 968 1695 1052 atque
1714 950 1769 1021 ita

365 1063 629 1165 componenda
649 1080 755 1151 sunt,
777 1079 823 1137 ut
844 1064 934 1139 inde
953 1083 1098 1169 pateat,
1125 1067 1422 1171 quasscribendi
1443 1068 1538 1170 leges
1560 1082 1695 1139 auctor
1713 1090 1770 1139 se·

365 1194 476 1253 cutus
493 1178 553 1253 sit
590 1180 673 1253 Hoc
693 1205 774 1253 non
793 1178 917 1253 solum
948 1181 998 1254 ad
1016 1182 1165 1285 singula
1185 1184 1298 1260 verba
1323 1197 1361 1257 et
1388 1182 1438 1257 ad
1458 1209 1590 1257 eorum
1612 1181 1770 1283 junctu-

364 1322 444 1383 ras,
469 1294 534 1369 sed
557 1294 607 1369 ad
627 1311 746 1369 totam
773 1293 863 1367 libri
892 1298 1145 1372 oeconomiam
1173 1300 1350 1402 pertinet
1390 1298 1487 1393 Quae
1511 1295 1668 1398 quidem
1692 1294 1769 1371 dis-

363 1410 519 1513 quisitio
544 1426 590 1483 ut
614 1409 833 1513 diligentius
859 1410 1102 1502 instituatur,
1125 1414 1297 1516 primum
1316 1412 1517 1515 scriptoris,
1537 1413 1578 1485 in
1596 1438 1674 1512 quo
1691 1409 1770 1485 ela-

361 1527 483 1616 boras,
508 1526 719 1601 orationcm
740 1552 830 1600 cum
847 1524 1004 1600 illorum
1024 1528 1213 1619 conferas,
1238 1531 1364 1631 quiet
1384 1529 1513 1604 eodem
1532 1544 1702 1629 tempore
1720 1525 1770 1599 li-

364 1643 451 1718 teris
481 1668 636 1744 operam
659 1642 869 1729 dederunt,
892 1658 930 1716 ct
961 1642 1004 1717 in
1025 1644 1157 1719 eodem
1194 1645 1253 1719 rel
1276 1641 1391 1719 simili
1419 1658 1643 1747 argumento
1675 1640 1771 1714 illu·

362 1757 519 1833 strando
545 1758 681 1832 versati
700 1774 798 1832 sunt
827 1758 924 1833 Cum
944 1757 1061 1861 igitur
1075 1758 1122 1833 de
1134 1760 1280 1835 Latinis
1304 1760 1423 1835 literis
1438 1775 1579 1861 agetur,
1596 1757 1769 1859 primum

362 1873 641 1976 explorandum
661 1889 731 1963 est,
756 1900 832 1973 qua
857 1900 897 1947 re
923 1872 1123 1976 scriptores
1146 1900 1271 1951 aureae
1287 1877 1405 1951 aetatis
1425 1902 1447 1947 a
1467 1872 1658 1975 prioribus
1679 1887 1719 1945 et
1742 1898 1767 1944 a

361 1991 562 2065 acrioribus
591 1988 786 2077 differant,
813 2004 896 2061 tum
916 2004 1080 2065 oratores
1095 2018 1187 2066 cum
1203 1991 1434 2078 oratoribus,
1455 1988 1652 2062 historicos
1675 2012 1768 2060 cum

361 2103 573 2193 historicis,
594 2120 722 2207 poetas
748 2130 838 2177 cum
871 2105 991 2206 poetis
1022 2106 1200 2181 conferas.
1245 2110 1327 2180 Imo
1351 2133 1401 2180 ne
1426 2105 1577 2184 Graecos
1609 2102 1768 2204 quidem

362 2222 575 2323 scriptores,
601 2246 766 2320 quorum
790 2218 940 2322 vestigia
966 2220 1093 2294 Latini
1118 2224 1344 2323 presserint,
1378 2220 1591 2295 accuratius
1612 2242 1769 2319 compa-

363 2363 481 2426 rasse,
507 2336 572 2411 abs
604 2362 643 2409 re
671 2334 750 2409 erit
777 2333 821 2407 Id
846 2334 950 2435 quod
974 2362 1066 2409 cum
1089 2336 1130 2409 in
1159 2338 1302 2425 ceteris,-
1321 2354 1404 2411 tum
1429 2338 1470 2411 in
1494 2333 1680 2408 historicis
1697 2358 1768 2435 po-

364 2453 550 2529 tissimum
571 2477 709 2553 magno
731 2450 817 2523 usui
839 2450 919 2523 erit.
961 2452 1139 2546 Quorum
1162 2451 1319 2553 quidem
1339 2452 1521 2527 orationis
1542 2466 1688 2551 quanta
1716 2448 1768 2523 sit

363 2568 556 2643 diversitas
585 2593 608 2638 a
628 2566 790 2667 pedestri
813 2565 985 2640 oratione
1011 2583 1223 2641 ceterorum
1242 2568 1490 2671 scriptorum,
1515 2564 1691 2640 nondum
1708 2592 1768 2639 sa·

363 2683 410 2759 tis
429 2681 651 2757 intellexisse
668 2680 847 2754 videntur
867 2681 1099 2783 interpretes.
1129 2684 1281 2757 Caesaris
1301 2683 1457 2785 quidem
1475 2679 1768 2754 commentario·

364 2826 453 2872 rum
480 2797 634 2871 aliaest
662 2796 782 2885 ratio,
818 2823 912 2897 quos
938 2822 988 2870 ne
1011 2797 1089 2898 ipse
1110 2797 1267 2898 quidem
1292 2796 1538 2872 historiarum
1558 2796 1676 2868 libros
1696 2823 1767 2869 no-

364 2912 506 2989 minari
516 2910 645 2984 voluit
685 2910 756 2985 Sed
774 2926 818 2983 ut
838 2912 1227 3015 omittamVellejum,
1249 2912 1444 3001 Curtium,
1465 2911 1679 2999 lustinum,
1696 2912 1765 3013 qui

363 3029 559 3135 poeticum
572 3026 752 3101 orationis
772 3027 935 3100 colorem
950 3054 1068 3128 quam
1080 3029 1243 3102 maxime
1261 3028 1457 3113 affectant,
1483 3027 1765 3128 ipsosllomante

365 3145 532 3221 historiae
550 3141 756 3246 principes,
781 3140 1006 3230 Salustium,
1030 3142 1182 3215 Livium
1200 3160 1238 3217 ct
1256 3143 1441 3230 Tacitum,
1454 3141 1666 3215 accuratius
1679 3168 1763 3217 exa·

364 3260 557 3348 minanti,
594 3256 758 3332 dubium
787 3281 862 3331 esse
893 3283 974 3330 non
1008 3272 1149 3358 potest,
1182 3258 1279 3360 quin
1314 3255 1583 3330 historicorum
1613 3260 1762 3346 oratio,

367 3376 539 3478 quamvis
569 3372 734 3445 aliorum
761 3370 845 3444 aliae
869 3371 948 3447 sint
976 3370 1163 3461 virtutes,
1193 3373 1241 3446 ab
1270 3372 1433 3445 oratoria
1472 3372 1661 3447 Ciceronis
1686 3373 1762 3449 elo·

365 3491 522 3593 quentia
542 3487 656 3590 plane
679 3484 889 3559 abhorreat.
923 3488 974 3557 Ut
995 3484 1111 3585 igitur
1126 3488 1253 3559 Latini
1275 3486 1456 3560 sermonis
1477 3487 1686 3588 proprietas
1705 3488 1762 3562 di·

365 3604 557 3709 ligentius,
584 3627 700 3703 quam
716 3598 842 3673 adhuc
861 3626 883 3673 a
903 3601 1156 3703 grammaticis
1170 3602 1314 3676 factum
1333 3619 1406 3690 est,
1427 3602 1657 3691 illustretur,
1676 3628 1761 3704 quae

366 3718 514 3824 optimi,
534 3717 717 3820 cujusque
750 3715 915 3788 auctoris
950 3716 1151 3817 peculiaris
1177 3734 1216 3791 et
1245 3718 1401 3820 propria
1437 3717 1485 3790 sit
1517 3718 1657 3807 oratio,
1681 3743 1761 3793 non

368 3833 529 3911 strictim
561 3848 599 3904 et
616 3830 761 3916 leviter,
788 3827 893 3930 quod
913 3830 1047 3932 saepius
1067 3830 1232 3920 factum,
1255 3831 1319 3905 sed
1342 3831 1460 3905 fusius
1482 3848 1597 3933 atquc
1615 3832 1763 3907 subtili-

369 3967 425 4027 ter
442 3944 744 4051 pcrsequendum
757 3960 819 4017 est
845 3943 995 4038 Quibus
1012 3948 1243 4048 exponendis
1262 3946 1764 4048 neinterrumpanturcom·

367 4061 544 4141 mentarii
570 4060 762 4163 perpetui,
784 4055 867 4131 haec
884 4058 1127 4158 peculiariter
1140 4060 1408 4161 pertractanda
1425 4077 1464 4135 et
1483 4061 1764 4137 commentariis

368 4175 610 4284 adjungenda
634 4190 734 4249 sunt
778 4171 971 4247 Accedant
990 4188 1170 4275 praeterea
1199 4174 1344 4249 necesse
1366 4189 1441 4263 est,
1467 4172 1610 4248 indices
1629 4175 1765 4251 verbo·
