3850 4867
410 292 482 381 240

407 490 502 570 quos
526 460 675 568 ignaria
697 476 765 537 aut
785 487 901 566 prava
923 460 1112 549 caliditas,
1144 460 1204 535 uti
1227 458 1321 535 meis
1345 456 1540 533 laboribus
1565 452 1639 531 tuti
1663 466 1797 537 essent,

407 588 523 666 armis
542 586 748 675 abstinuit,
773 584 1041 661 acerbissumas
1062 608 1196 686 poenas
1225 579 1407 690 solmnt:
1438 580 1660 655 Ptolemaeus
1681 575 1798 681 pretio

408 713 450 789 in
471 712 550 787 dies
565 710 720 797 ,bellum
741 707 959 813 prolatam,
986 708 1177 783 Cretenses
1201 703 1415 810 impugnati
1434 701 1548 779 semel
1564 701 1659 791 iam,
1680 722 1801 801 neque

355 890 362 911 r
404 834 526 925 ⁴finem
544 833 618 907 nisi
648 830 811 907 exscidio
838 828 1022 905 habituri.
1075 828 1264 931 Equidem
1288 854 1411 931 quum
1433 825 1531 901 mihi
1558 826 1608 900 ob
1639 824 1803 928 ipsorum

409 958 561 1033 interna
582 952 681 1029 mala
708 953 826 1028 dilata
854 952 986 1057 praelia
1019 952 1137 1054 magis
1167 979 1286 1053 quam
1309 977 1442 1054 paoem
1462 948 1594 1025 datam
1617 947 1804 1051 intellege·

408 1108 508 1173 rem3
531 1080 725 1155 abnuente
742 1076 927 1179 Tigrane,
965 1075 1033 1177 qui
1061 1101 1144 1149 mea
1168 1074 1269 1150 dicta
1298 1100 1379 1149 sero
1416 1074 1570 1177 probat,
1602 1089 1638 1145 te
1663 1086 1802 1145 remoto

409 1204 565 1311 procul,
586 1197 763 1277 omnibus
781 1198 864 1271 aliis
886 1198 1078 1289 obnoxiis,
1104 1222 1232 1273 rursus
1260 1213 1388 1271 tamen
1409 1196 1555 1271 bellum
1576 1194 1669 1301 cepi.
1706 1196 1804 1269 llar-

408 1352 575 1434 cumque
597 1326 757 1409 Cottam,
785 1322 1001 1396 Romanum
1018 1320 1172 1410 ducem,
1197 1320 1301 1424 apud
1316 1318 1557 1395 Chalcedona
1581 1334 1678 1393 terra
1700 1317 1783 1392 fudi
1797 1374 1808 1407 ,

411 1450 508 1529 mari
522 1449 609 1525 exui
629 1445 743 1520 classe
757 1440 1039 1549 pulcherruma.
1070 1442 1185 1547 Apud
1199 1441 1376 1545 Cyzicum
1389 1469 1527 1546 magno
1540 1468 1630 1516 cum
1642 1443 1806 1519 exercitu

382 1576 455 1655 ,in
486 1570 631 1647 obsidio
658 1566 825 1643 moranti
848 1564 1088 1643 frumentum
1117 1564 1256 1654 defuit,
1283 1567 1393 1640 nullo
1420 1567 1565 1640 circum
1590 1566 1806 1642 adnitente:

406 1696 527 1775 ,simul
551 1694 671 1769 hiems
690 1689 786 1765 muri
805 1686 1043 1792 prohibebat
1080 1692 1158 1776 Ita,
1183 1688 1265 1763 sine
1288 1689 1323 1763 ri
1346 1686 1514 1763 hostium
1535 1690 1680 1795 regredi
1702 1716 1807 1777 coac,-

219 1828 222 1839 '
286 1826 290 1839 '
413 1840 475 1897 tus
502 1820 545 1895 in
574 1815 743 1921 patrium
763 1840 941 1917 regnum,
967 1810 1173 1916 naufragiis
1205 1810 1310 1915 apud
1341 1810 1497 1885 Parium
1522 1827 1560 1885 et
1590 1812 1807 1889 Heracleam

412 1943 584 2019 militurn
604 1954 778 2043 optumos
801 1962 891 2010 cum
906 1935 1085 2010 classibus
1107 1933 1223 2009 arnisi.
1261 1933 1445 2008 Restituto
1461 1935 1600 2010 deinde
1621 1938 1724 2040 apud
1740 1941 1806 2013 (a-

402 2069 545 2147 ‚heram
556 2060 737 2148 exercitu,
759 2074 798 2135 et
816 2058 931 2139 variis
943 2058 1045 2133 inter
1065 2084 1126 2135 me
1146 2074 1262 2161 atque
1275 2059 1483 2133 Lucullum
1499 2060 1660 2163 praeliis,
1680 2060 1804 2165 inopia

415 2215 544 2269 rursus
564 2185 695 2260 ambos
721 2181 877 2259 incessit.
915 2180 978 2257 Illi
997 2183 1151 2257 suberat
1171 2208 1332 2287 regnum
1353 2182 1615 2258 Ariobarzanis
1630 2184 1729 2259 bello
1751 2186 1806 2257 in·

417 2331 587 2393 tactum:
611 2334 693 2410 ego,
714 2306 825 2381 vastis
840 2306 986 2381 circum
1012 2305 1188 2379 omnibus
1209 2304 1315 2400 locis,
1335 2306 1375 2379 in
1389 2307 1611 2382 Armeniam
1629 2308 1803 2383 concessi:

410 2436 609 2537 ‚secutique
627 2429 789 2503 Romani
810 2455 891 2505 non
909 2456 973 2537 me
992 2429 1056 2504 sed
1075 2455 1219 2508 morem
1238 2454 1352 2525 suum
1370 2430 1499 2503 omnia
1520 2457 1635 2535 regna
1658 2432 1804 2507 subvor-

419 2559 548 2647 tundi,
573 2555 664 2657 quia
685 2550 976 2627 multitudinem
1003 2552 1093 2626 artis
1119 2550 1212 2626 locis
1239 2578 1369 2655 pugna
1391 2550 1643 2657 prohibuere,
1669 2555 1805 2659 impru-

411 2682 588 2763 dentiam
607 2675 780 2780 Tigranis
800 2702 871 2781 pro
890 2674 1048 2749 victoria
1072 2690 1271 2750 ostentant.
1323 2675 1436 2749 Nunc
1458 2702 1584 2779 quaeso
1608 2678 1804 2765 considera,

418 2807 528 2883 nobis
548 2796 728 2907 oppressis
743 2815 876 2873 utrum
896 2796 1103 2873 firmiorem
1121 2814 1157 2873 te
1172 2798 1222 2874 ad
1237 2796 1504 2886 resistendum,
1520 2826 1572 2873 an
1588 2798 1705 2877 linem
1720 2800 1803 2877 belli

418 2930 596 3023 futurum
621 2924 759 3028 puteal
793 2921 870 2996 scio
899 2920 1078 3023 equidem
1103 2919 1173 2995 tibi
1196 2946 1351 3024 magnas
1369 2946 1456 3024 opes
1479 2921 1666 3014 virorum,
1690 2952 1803 3001 armo·

414 3080 506 3131 rum
525 3066 562 3126 et
579 3047 664 3123 auri
685 3070 781 3122 esse:
807 3060 864 3133 et,
888 3068 931 3119 ea
949 3068 991 3118 re
1013 3069 1034 3116 a
1056 3042 1166 3117 uobis
1184 3041 1234 3118 ad
1250 3042 1482 3133 societatem,
1497 3045 1546 3120 ab
1565 3045 1640 3122 illis
1659 3049 1708 3124 ad
1717 3073 1801 3152 pra

414 3180 508 3256 dam
527 3171 670 3278 peteris.
706 3170 883 3245 Ceterum
902 3164 1106 3243 consilium
1124 3180 1195 3257 est,
1212 3166 1385 3271 Tigranis
1406 3193 1522 3273 regno
1539 3169 1703 3275 integro,
1721 3172 1800 3249 meis

394 3300 604 3382 'militibus
627 3290 718 3367 belli
739 3288 1013 3394 prudentibus,
1033 3288 1174 3393 procul
1194 3289 1244 3363 ab
1264 3288 1396 3379 domo,
1428 3318 1545 3394 parvo
1572 3292 1718 3386 labore,
1740 3322 1799 3401 per

419 3442 547 3503 nostra
566 3440 729 3520 corpora
758 3410 904 3488 bellum
925 3408 1131 3487 conficere:
1156 3411 1350 3514 quomodo
1368 3438 1492 3515 neque
1516 3415 1668 3495 vincere
1689 3444 1798 3523 neque

418 3617 481 3679 beri
497 3624 525 3676 ct
549 3632 601 3675 res
613 3612 793 3674 Ptolomeus.
813 3610 853 3669 ita
869 3611 942 3669 olim
960 3607 1108 3690 legebatur
1133 3616 1235 3667 contra
1251 3605 1348 3670 Godd.
1368 3609 1417 3670 die
1440 3612 1545 3673 bellum
1558 3614 1691 3694 prolatet
1708 3620 1796 3699 vulgo,

420 3723 481 3784 dies
493 3718 598 3779 bellum
610 3715 763 3797 prolatant
776 3711 862 3773 Fabr.
881 3712 956 3772 bric.
978 3713 1011 3771 in
1025 3714 1057 3772 d.
1076 3712 1231 3793 prolatam
1249 3716 1345 3779 Vatic.
1367 3717 1484 3799 regredi
1496 3728 1619 3779 coruus
1632 3732 1713 3783 vetus
1721 3722 1796 3782 editio

419 3824 505 3888 fabr.
535 3822 615 3901 opud
629 3818 741 3877 Porum
754 3818 825 3877 olim
843 3815 955 3876 editum
976 3826 1026 3880 cst.
1046 3816 1161 3875 Porum
1178 3815 1261 3877 rubr.
1282 3816 1356 3879 Bn'c.
1375 3820 1501 3881 Petrum
1519 3821 1612 3883 Vatis.
1632 3822 1796 3885 Pariumls-

420 3929 559 4015 gendum.
583 3922 727 3983 Caberam
739 3922 789 4007 'its
809 3920 875 3980 Mat.
898 3914 1010 3979 Cabiro
1026 3923 1125 4002 vulgo.
1146 3918 1352 3989 inser-inem.
1371 3922 1433 3985 lucc
1451 3928 1587 4007 leguntur
1604 3930 1684 4008 apud
1700 3928 1794 3990 Charis

421 4056 485 4121 pag.
501 4032 552 4113 95.
571 4028 621 4089 sed
630 4027 672 4086 ibi
689 4044 840 4107 perperam
850 4042 941 4106 propo
951 4043 1007 4104 pro
1017 4022 1137 4103 procliis.
1148 4023 1268 4085 vunnu
1278 4023 1390 4085 circum
1402 4030 1501 4109 vulgo.
1520 4031 1609 4091 vastis
1625 4032 1707 4093 retr.
1722 4043 1794 4094 ctrt·

423 4150 467 4201 tut
488 4136 587 4199 editio.
617 4132 675 4192 scio
696 4162 714 4179 -
726 4132 866 4215 corfficm
881 4124 997 4191 §huia
1021 4148 1052 4209 p.
1077 4148 1145 4209 ¹77·
1176 4126 1245 4188 totta·
1256 4130 1447 4209 pradonibus
1465 4132 1546 4216 quod
1565 4139 1655 4220 rnlgo
1672 4140 1791 4199 omittam
