3850 4867
1490 338 1538 411 79

117 559 119 562 .
232 489 340 564 Falso
366 495 541 594 queritur
563 493 611 568 de
635 511 773 570 natura
794 518 861 570 sua
884 517 1001 598 genus
1023 491 1262 584 humanum,
1291 491 1396 597 quod
1417 492 1535 568 imbe-

128 610 220 684 cilla
246 630 362 716 atque
389 619 455 692 aevi
476 619 612 709 brevis,
640 617 736 694 forte
760 618 887 723 potius
911 645 1029 720 quam
1058 617 1199 692 virtute
1221 634 1381 724 regatur.
1440 620 1538 693 Nam

130 752 292 827 contra,
318 741 558 842 reputando,
592 769 716 845 neque
745 742 868 818 maius
902 741 1011 816 aliud
1046 767 1170 843 neque
1203 743 1539 845 praestabiliusin-

129 862 288 950 venias,
324 865 516 968 magisque
549 882 697 942 naturae
727 865 955 943 industriam
988 865 1194 942 hominum
1226 895 1343 971 quam
1363 869 1442 944 vim
1472 885 1540 941 aut

131 1003 285 1090 tempus
302 988 448 1063 deesse'
475 990 546 1064 Sed
567 991 647 1064 dux
669 1007 785 1092 atque
804 991 1011 1094 imperator
1034 991 1120 1065 vitae
1144 992 1366 1067 mortalium
1390 992 1541 1068 animus

130 1128 210 1184 est:
240 1114 326 1214 qui,
360 1114 428 1188 ubi
456 1113 506 1188 ad
535 1115 695 1218 gloriam
722 1115 872 1190 virtutis
898 1114 956 1189 via
981 1133 1193 1218 grassatur,
1220 1117 1376 1193 abundo
1394 1115 1542 1218 pollens

130 1254 347 1340 potensque
369 1255 406 1312 et
430 1239 553 1314 clarus
579 1255 649 1327 est,
674 1265 798 1341 neque
814 1239 969 1316 fortuna
997 1257 1103 1344 eget:
1129 1243 1273 1346 quippe
1289 1227 1542 1346 probitatem,

132 1361 366 1436 industriam
390 1361 557 1464 aliasque
582 1363 673 1436 artis
701 1363 819 1437 bonas
843 1389 967 1466 neque
988 1363 1079 1439 dare
1115 1391 1240 1468 neque
1272 1365 1417 1468 eripere
1459 1366 1540 1439 cui-

132 1515 264 1588 quam
278 1504 406 1590 potest.
436 1488 503 1562 Sin
521 1503 653 1590 captus
676 1486 799 1589 pravis
813 1486 1060 1590 cupidinibus
1082 1488 1132 1562 ad
1151 1489 1329 1564 inertiam
1347 1506 1386 1564 et
1406 1490 1544 1592 volup-

135 1629 232 1686 tates
263 1613 430 1714 corporis
461 1637 609 1714 pessum
642 1611 752 1686 datus
766 1627 846 1701 est,
883 1613 1094 1714 perniciosa
1129 1612 1304 1688 lubidine
1335 1612 1545 1717 paullisper
1661 1635 1665 1645 ¹

135 1761 227 1810 usus
235 1711 255 1828 3*
272 1735 341 1808 ubi
364 1762 432 1838 per
451 1736 662 1809 socordiam
683 1734 795 1824 vires,
820 1751 986 1838 tempus,
1013 1736 1209 1838 ingenium
1229 1737 1452 1825 diffluxere,
1478 1765 1546 1810 na-

138 1878 238 1934 turae
259 1859 459 1934 infirmitas
479 1877 695 1953 accusatur-3
726 1886 834 1934 suam
855 1860 1017 1962 quisque
1038 1859 1193 1963 culpam
1217 1878 1389 1936 auctores
1409 1860 1459 1935 ad
1482 1889 1546 1935 ne-

137 1985 243 2087 gotia
265 1985 507 2058 transferunt.
542 1983 688 2081 Quodsi
710 1981 931 2058 hominibus
960 1985 1151 2058 bonarum
1180 2012 1308 2060 rerum
1327 2001 1433 2059 tanta
1453 2011 1545 2059 cura
1607 1985 1614 1994 “

138 2123 250 2194 esset,
278 2125 422 2208 quanto
444 2108 570 2183 studio
595 2107 718 2182 aliena
747 2135 791 2181 ac
825 2105 925 2180 nihil
945 2108 1147 2211 profutura
1168 2110 1411 2212 multumque
1431 2110 1548 2184 etiam

139 2233 353 2336 periculosa
374 2249 530 2335 petunt3
557 2257 681 2335 neque
701 2247 920 2336 regerentur
944 2234 1059 2336 magis
1076 2259 1202 2334 quam
1229 2250 1399 2339 regerent
1418 2258 1550 2322 casus„

209 2461 281 2542 Cap.
306 2487 330 2521 ι.
352 2474 461 2522 natura
481 2483 542 2525 suu.
565 2463 610 2520 sui
628 2466 726 2542 plures
748 2461 862 2520 Gruteri
884 2473 913 2521 et
932 2460 1025 2521 Cortii
1043 2462 1119 2522 libri.
1140 2465 1245 2524 locum
1255 2474 1350 2523 mutat
1365 2466 1397 2522 in
1410 2476 1477 2524 octo
1495 2465 1552 2523 Pa-

143 2575 193 2629 lat.
217 2591 355 2649 prouoru.
378 2573 464 2648 plane
483 2570 625 2627 omittunt
644 2565 789 2626 Coutntel.
810 2566 906 2625 Guell.
928 2568 954 2626 5.
987 2569 1112 2628 retinent
1133 2578 1236 2648 praeler
1254 2567 1351 2627 Codd.
1372 2567 1497 2628 Charin.
1519 2592 1551 2649 p.

147 2699 214 2756 ¹79·
238 2675 345 2732 Donat.
362 2675 398 2732 ad
414 2675 504 2734 Andr.
520 2679 546 2734 3.
565 2694 591 2731 ι.
610 2674 655 2731 25.
679 2672 802 2732 Cledon.
821 2693 907 2751 ¹92¹·
927 2674 1006 2734 Serv.
1024 2674 1061 2732 ad
1076 2671 1174 2743 deml
1184 2674 1276 2743 ,Δι5.
1295 2695 1347 2748 ιι,
1372 2674 1440 2734 58ι.
1470 2676 1552 2735 inve-

145 2782 208 2838 nies
228 2783 287 2838 inc.
308 2779 410 2838 Frauc.
431 2779 525 2839 Strur.
548 2778 631 2838 Rem.
648 2799 672 2836 ι.
695 2777 782 2836 dead.
804 2778 903 2835 Vinar.
919 2798 945 2843 ι,
967 2778 1024 2838 Erl.
1047 2777 1129 2836 Bern.
1142 2777 1172 2836 3.
1189 2799 1213 2836 ι.
1240 2778 1343 2859 Βοωά.
1364 2779 1430 2840 Ecc.
1453 2778 1559 2840 Guell.

145 2887 174 2955 r.
190 2885 219 2942 s.
235 2907 262 2963 7.
278 2885 306 2942 s.
323 2906 352 2963 9.
371 2905 415 2942 ιο.
434 2905 478 2941 tt.
499 2903 542 2941 ιι.
572 2882 651 2946 uetat.
669 2905 694 2942 c.
716 2883 746 2956 a,
765 2882 792 2939 k.
817 2902 847 2939 n.
883 2891 1008 2961 quatuor
1020 2883 1139 2941 trusis..
1154 2883 1280 2942 tnauur.
1297 2871 1377 2944 tom.
1399 2885 1554 2944 romaum

144 2992 227 3050 abest
242 3011 258 3047 a
274 2989 364 3070 llcgio
381 2989 493 3048 Wassii.
516 2999 608 3046 mutat
626 2992 725 3048 locum
742 2987 824 3050 Beni.
844 3008 868 3045 ι.
888 2991 914 3052 3.
943 2987 994 3047 via
1011 3009 1103 3067 grass.
1125 2987 1175 3046 via
1193 2991 1289 3046 omiss.
1304 2988 1372 3048 Ecc.
1397 3001 1554 3068 poteratque

147 3098 248 3155 clarus
261 3095 322 3152 Bas.
332 3095 360 3164 4.
375 3093 454 3156 Leid.
464 3095 490 3152 l.
505 3095 641 3170 sortitum
656 3103 716 3171 egel
737 3093 795 3156 inc.
810 3113 838 3153 2.
860 3093 955 3154 Struv.
968 3103 997 3152 cl
1013 3115 1053 3151 m.
1063 3115 1108 3173 pr.
1129 3091 1226 3153 Guell.
1242 3093 1270 3152 3.
1281 3094 1309 3164 l.
1319 3095 1347 3157 (i.
1368 3093 1438 3175 lleg.
1460 3095 1553 3153 Marl.

148 3217 182 3266 Λ.
207 3201 306 3262 Penrb.
327 3201 446 3262 Laida.
463 3198 493 3261 h,
524 3219 598 3257 tinus
612 3199 699 3258 Ririi.
717 3199 830 3278 aliquot
845 3198 930 3256 Paris.
951 3198 1052 3278 qtuppe
1070 3218 1143 3276 qttae.
1172 3218 1236 3276 qua
1256 3201 1339 3257 omis.
1361 3197 1446 3257 Fabr.
1468 3198 1552 3262 Rem.

153 3332 178 3368 1.
200 3308 268 3369 sen.
286 3329 309 3362 ι.
331 3305 427 3368 Gucll.
445 3309 471 3366 3.
492 3325 536 3362 ιο.
558 3303 624 3362 Ecc.
644 3301 704 3362 Bas.
726 3323 750 3361 1.
770 3301 850 3363 Leid.
865 3305 886 3361 l.
909 3302 992 3364 Paris.
1011 3324 1037 3361 c.
1058 3303 1187 3382 aliasque
1205 3315 1282 3364 artes
1303 3304 1403 3364 bonos.
1425 3323 1478 3381 quc
1492 3325 1553 3362 om.

148 3416 245 3472 Strur.
267 3411 356 3470 bonos
378 3411 454 3469 delet
466 3408 577 3469 Fabric.
598 3431 622 3467 1.
643 3408 732 3467 artois
753 3406 850 3466 Codd.
865 3407 999 3467 exhibere
1019 3407 1119 3469 Rivius
1134 3412 1209 3468 testis
1226 3421 1276 3468 est.
1304 3409 1378 3481 orbs
1390 3407 1554 3469 Ascensian.

150 3518 227 3578 Cod.
248 3519 386 3579 homost.
408 3514 468 3574 duo
485 3514 600 3594 Popmae
616 3513 692 3579 libri,
714 3511 798 3572 Rern.
820 3535 844 3571 1.
867 3514 1004 3592 cuiquam
1019 3523 1121 3593 potest.
1153 3517 1289 3593 cuiquam
1313 3537 1373 3575 om.
1406 3514 1502 3575 Guelf.
1525 3517 1553 3576 6.

151 3626 254 3701 cuique
274 3622 332 3680 Erl.
353 3620 421 3700 Teg.
442 3617 539 3679 Turio.
556 3639 581 3677 1.
602 3618 757 3698 voluptatis
777 3615 865 3676 habet
884 3616 981 3677 Gncll.
998 3621 1039 3696 l„
1052 3619 1129 3678 vires
1145 3624 1395 3703 tempusglossam
1418 3631 1489 3681 oetas
1509 3626 1561 3681 rel

152 3729 246 3787 aetatb
265 3727 366 3786 decem
387 3723 480 3784 Cottii
497 3723 565 3784 libri
581 3723 704 3781 addunt.
727 3725 796 3782 item
816 3725 946 3804 quinque
961 3725 1042 3783 Leid.
1063 3725 1123 3783 duo
1138 3725 1263 3804 Popmae.
1285 3725 1344 3787 Ert.
1366 3725 1451 3786 Bern.
1474 3726 1502 3786 5.
1530 3749 1554 3785 r.

154 3835 306 3912 diffluxere
322 3833 426 3912 optimi
447 3831 522 3890 Ririi
539 3841 567 3890 et
583 3829 698 3887 Grulcri
711 3829 788 3889 libri.
807 3827 868 3887 Bas.
889 3851 912 3886 1.
934 3828 1003 3911 Tcg.
1025 3830 1083 3892 inc.
1099 3849 1125 3888 2.
1144 3812 1241 3890 Sonat.
1257 3852 1282 3889 ι.
1304 3830 1388 3889 Fabr.
1405 3853 1429 3895 ι.
1452 3831 1513 3891 Bas.
1531 3855 1562 3896 ι..
1596 3877 1600 3883 .
1642 3805 1648 3817 Ι

156 3940 251 3998 Guell.
263 3959 290 3998 2.
303 3937 331 3997 3.
353 3937 432 3996 Leid.
445 3941 465 3996 l.
487 3939 640 4014 defflrnero
656 3935 750 3996 ceteri.
772 3933 889 4011 quisque
902 3934 977 4012 culp.
999 3931 1084 3993 Febr.
1101 3955 1125 3991 ι.
1148 3936 1205 3993 inc.
1221 3957 1244 3998 ι.
1258 3935 1362 3994 Sena.
1380 3936 1479 3996 Heuss.
1497 3938 1555 3996 Erl.

156 4045 251 4106 Guelf,
264 4043 293 4103 3.
303 4043 333 4114 4.
344 4064 354 4101 ι
364 4064 388 4101 ι.
402 4063 446 4100 12.
463 4025 542 4100 Leid.
557 4062 583 4121 g.
593 4061 622 4098 n.
637 4057 712 4098 unus
723 4039 835 4100 Wassii.
852 4039 954 4118 quique
963 4040 1058 4098 ceteri.
1074 4048 1207 4098 uttctores
1217 4059 1277 4102 om.
1287 4038 1385 4099 Guelf.
1405 4064 1429 4100 ι.
1444 4052 1558 4104 actores

159 4149 224 4215 eth.
236 4155 255 4210 l.
278 4145 609 4208 multiCodd.l1abent.
632 4143 809 4221 multumque
827 4143 914 4201 etiam
929 4142 1093 4222 periculosa
1105 4143 1249 4204 vratists.
1271 4144 1367 4205 Guelfi
1381 4147 1409 4218 l.
1426 4148 1453 4207 5.
1474 4147 1556 4212 Leid.

159 4279 184 4314 a.
194 4256 258 4318 b.c.
268 4256 298 4316 d.
308 4255 327 4314 l.
340 4252 371 4314 h.
386 4255 444 4314 Eu.
460 4247 520 4314 Bas.
535 4255 562 4322 4.
573 4261 601 4311 et
617 4251 688 4330 (om.
705 4248 808 4329 etium)¹
825 4249 891 4310 Seu.
903 4267 931 4308 n.
946 4241 1042 4314 Guell.
1052 4269 1080 4328 9.
1091 4248 1190 4312 lleuss.
1213 4251 1358 4330 multaque
1373 4252 1434 4313 Bas.
1448 4274 1472 4310 1.
1488 4253 1554 4311 San.
