3850 4867
1468 303 1540 374 123

138 475 294 555 insidias
313 478 445 556 tendit
480 479 603 584 Igitur
621 503 724 556 unus
740 505 787 554 ex
805 502 850 553 eo
871 503 1063 568 numero,
1082 475 1150 579 qui
1178 474 1228 552 ad
1248 475 1388 576 eudem
1414 476 1539 582 parati

136 620 262 696 erant,
287 605 420 709 paullo
438 605 689 683 inconsultius
703 603 903 678 Massivam
919 600 1156 706 adgreditur,
1183 601 1296 677 illum
1315 602 1538 677 obtruncat:

136 723 200 830 sed
215 728 294 832 ipse
314 728 582 832 deprehensus,
602 726 734 804 multis
748 725 992 801 hortantibus
1014 742 1053 800 et
1074 725 1116 800 in
1136 726 1269 829 primis
1285 725 1429 801 Albino
1449 753 1540 802 eou-

136 850 233 944 sule,
259 852 448 952 indicium
463 851 674 957 profitetur.
706 851 772 925 Fit
789 876 874 924 reus
895 850 1012 954 magis
1030 877 1076 925 ex
1098 876 1208 952 aequo
1227 850 1408 954 bonoque
1426 877 1544 953 quam
1607 928 1612 937 ,

140 1001 184 1050 ex
204 976 291 1053 iure
319 978 493 1082 gentium
516 976 720 1065 bomilcar,
751 999 875 1049 comes
894 973 991 1062 eius,
1017 974 1087 1076 qui
1108 977 1268 1050 Romam
1289 973 1363 1049 fide
1387 975 1543 1079 publica

138 1117 301 1176 venerat
339 1105 391 1177 At
409 1097 597 1207 Iugurtha
615 1098 837 1174 manifestus
865 1097 964 1171 tanti
982 1097 1150 1189 sceleris,
1174 1125 1255 1174 non
1285 1098 1391 1202 prius
1418 1099 1545 1175 omisit

139 1240 273 1302 contra
295 1253 428 1301 rerum
453 1226 526 1300 niti
554 1253 672 1330 quam
691 1223 867 1298 animum
894 1220 1079 1313 advortit,
1112 1247 1229 1327 supra
1247 1224 1409 1328 gratiam
1428 1239 1545 1328 atque

138 1349 344 1454 pecuniam
360 1377 470 1426 suam
494 1349 681 1425 invidiam
704 1345 899 1421 laetiense
951 1345 1091 1450 Igitur,
1123 1373 1359 1450 quamquam
1376 1346 1419 1422 in
1440 1349 1543 1453 prio·

141 1499 184 1550 re
212 1472 365 1550 actione
396 1501 444 1548 ex
472 1473 603 1548 amicis
627 1467 910 1577 quinquaginta
941 1467 1055 1544 radet
1083 1468 1256 1565 dederat3
1287 1498 1403 1577 reguo
1427 1471 1544 1578 magis

141 1623 260 1699 quam
278 1595 441 1673 vadibus
459 1596 675 1686 consulens,
700 1594 800 1669 clam
830 1593 871 1666 in
895 1592 1118 1669 Numidiam
1139 1594 1388 1670 bomilcarem
1415 1595 1546 1672 dimit-

143 1721 211 1796 tit:
236 1720 379 1796 veritus
406 1747 457 1795 ne
481 1719 648 1822 reliquos
667 1717 864 1823 popularis
893 1732 1015 1792 metus
1039 1715 1236 1794 invaderet
1259 1719 1422 1821 parendi
1454 1721 1545 1813 sibi,

142 1844 173 1922 si
189 1843 238 1922 de
258 1844 330 1921 illo
344 1843 580 1948 supplicium
599 1858 770 1917 sumtum
792 1839 897 1916 foret.
935 1841 987 1914 Et
1009 1840 1087 1944 ipse
1104 1839 1236 1945 paucis
1254 1841 1387 1916 diebus
1411 1844 1546 1922 eodem

142 1968 334 2075 profectus
349 1984 425 2061 est,
449 1968 570 2042 iussus
585 1967 635 2041 ab
652 1967 795 2042 Senatu
810 1963 922 2038 Italia
939 1963 1127 2040 decedere.
1164 1965 1237 2068 Sed
1253 1979 1455 2070 postquem
1471 1969 1547 2045 Ro-

144 2120 206 2170 ma
225 2117 391 2201 egressus
412 2107 486 2183 est,
503 2089 639 2182 fertur,
659 2115 757 2195 saepe
775 2115 823 2170 eo
839 2088 977 2165 tacitus
995 2088 1214 2192 respiciens,
1231 2105 1419 2194 postremo
1436 2091 1548 2169 dixis·
1678 2073 1681 2080 ¹

146 2239 206 2330 sel:
233 2217 395 2309 „urbem
408 2212 583 2290 venalem
598 2229 637 2289 et
653 2229 803 2288 mature
813 2213 1043 2317 perituram,
1066 2213 1098 2288 si
1112 2231 1321 2319 emptorem
1334 2215 1548 2293 invenerit?

145 2339 307 2418 Interim
326 2339 512 2430 Albinus,
544 2354 725 2414 renovato
752 2337 874 2429 bello,
899 2326 1173 2430 commeatum,
1197 2338 1433 2442 stipendium
1454 2340 1596 2420 alia-36

146 2491 239 2568 que,
260 2489 349 2567 quae
369 2461 559 2568 militibus
579 2461 666 2538 usui
686 2461 832 2553 forent,
852 2477 1021 2536 maturat
1041 2460 1083 2536 in
1098 2461 1268 2538 Africam
1288 2480 1466 2567 portam
1503 2489 1549 2543 ae

146 2589 276 2666 statim
299 2587 378 2693 ipse
398 2585 608 2693 profectus,
635 2586 805 2662 otiante
825 2585 996 2677 comitia,
1020 2587 1126 2690 quod
1146 2605 1294 2694 tempus
1310 2587 1418 2665 haud
1439 2590 1550 2698 longe

149 2713 299 2804 aberat,
325 2712 440 2788 armis
470 2727 539 2787 aut
568 2709 762 2787 deditione
786 2723 855 2784 aut
881 2709 1014 2811 quovis
1038 2709 1153 2786 modo
1173 2713 1319 2788 bellum
1338 2714 1550 2793 conficeret

149 2842 198 2914 At
228 2853 362 2916 eontra
389 2834 576 2941 Iugurtha
602 2834 753 2910 trahere
776 2832 937 2923 omnia,
971 2849 1010 2908 et
1035 2832 1129 2910 alias
1156 2835 1294 2912 deinde
1320 2837 1412 2913 alias
1434 2863 1551 2915 morae
1639 2819 1641 2826 i

149 2974 296 3042 caussas
317 2961 468 3036 facere:
491 2959 666 3064 polliceri
683 2957 935 3047 deditionem,
960 2982 1006 3032 ac
1026 2958 1165 3034 deinde
1185 2976 1331 3036 metum
1353 2962 1550 3040 simulare²

152 3159 249 3221 Guell'.
267 3181 294 3221 ι.
312 3159 383 3222 vin.
398 3182 424 3225 ι.
443 3157 529 3220 Febr.
549 3158 633 3218 Rem.
644 3179 670 3218 1.
689 3158 759 3241 Teg.
779 3153 868 3222 intell.
881 3154 1006 3220 tamdia
1024 3155 1084 3216 inc.
1096 3176 1124 3218 a.
1143 3156 1269 3219 Remu.
1290 3158 1386 3221 Guels.
1399 3157 1428 3231 l.
1439 3158 1551 3220 hond.
1607 3233 1611 3238 Ι

152 3283 189 3324 oe
207 3265 314 3327 deiude
332 3264 402 3347 Teg.
420 3263 480 3323 Erl.
501 3262 545 3332 ius
555 3263 683 3343 postulet
701 3261 816 3324 tetus.
844 3261 904 3322 Erl.
933 3261 1031 3326 Guell.
1041 3261 1071 3321 3.
1088 3265 1177 3323 etalii
1187 3263 1248 3323 duo
1261 3284 1296 3323 ex
1307 3263 1387 3326 Cort.
1415 3263 1552 3344 illumque

150 3369 212 3430 inc.
224 3390 253 3435 a.
273 3368 378 3432 Frenc.
398 3369 480 3429 Leid.
492 3368 523 3428 b.
537 3389 578 3428 m.
598 3368 658 3428 Erl.
679 3366 778 3439 Bas-⁴.
797 3375 826 3426 ct
839 3363 925 3428 illum
949 3366 1031 3427 Leid.
1046 3367 1075 3425 k.
1088 3388 1129 3427 m.
1149 3388 1252 3428 verum
1271 3368 1365 3429 obniti
1389 3369 1504 3431 Vraliel.
1522 3374 1552 3435 ὅ.

153 3471 233 3535 leid
246 3472 278 3535 h.
298 3473 433 3534 animum
444 3472 584 3534 advortit.
605 3471 716 3532 hrond.
726 3476 768 3549 fit
779 3470 875 3557 mogip
888 3491 927 3532 ea
935 3491 1019 3552 equo
1032 3471 1164 3552 bonoque
1177 3493 1242 3534 rem
1260 3474 1329 3558 Teg.
1349 3474 1447 3536 Turio.
1457 3473 1554 3555 priori

154 3581 278 3660 plurimi
297 3578 391 3640 Curtii
412 3576 480 3640 libri
500 3576 640 3653 scribunt.
659 3576 809 3659 populeris
825 3575 924 3637 Guelt.
945 3597 972 3638 t.
1000 3576 1166 3656 populonia
1184 3578 1298 3640 Fabric.
1319 3579 1406 3643 nivii.
1426 3589 1555 3642 swnlum

154 3683 244 3767 mppl.
251 3686 320 3763 for.
339 3683 402 3745 Bm.
418 3704 444 3750 1.
461 3681 634 3765 peawispost
647 3683 723 3744 dieb.
742 3684 830 3764 pauci
845 3681 925 3743 libri.
943 3683 1046 3742 codam
1062 3683 1143 3763 quod
1157 3684 1358 3766 prioresssdit.
1377 3689 1556 3762 omiserunt,

156 3791 189 3851 in
204 3789 343 3852 omnssms
354 3791 412 3850 lere
425 3789 505 3849 libris
520 3790 634 3871 legitur.
653 3809 675 3848 a
690 3799 792 3850 senatu
810 3788 873 3849 Bas.
888 3809 914 3853 ι.
926 3786 955 3857 l.
976 3786 1063 3846 Bern-
1079 3807 1106 3847 1.
1130 3789 1172 3848 ita
1187 3789 1261 3854 Ηιι.
1285 3789 1556 3874 Ιίοιηαιιιιςνιιιιιι

160 3891 244 3956 bem·
263 3891 350 3959 Fahr.
370 3917 411 3954 m.
425 3915 472 3976 pr.
485 3895 561 3957 tin.
573 3913 601 3955 a.
623 3893 705 3956 tecit.
726 3914 760 3956 eo
777 3893 879 3975 respha
898 3890 985 3953 Febr.
1005 3891 1075 3953 Tur.
1096 3871 1259 3976 respectam
1277 3894 1375 3957 Guell.
1387 3896 1418 3958 3.
1443 3973 1448 3978 .

199 4019 273 4108 Cap.
286 4021 336 4084 36.
356 4020 471 4104 tuapte
482 4041 547 4103 qua
561 4022 622 4083 mil.
632 4023 701 4107 Teg.
715 4024 778 4084 Bm.
791 4045 817 4090 ι.
828 4022 858 4096 d.
878 4041 981 4084 omnes
991 4021 1073 4082 Laid.
1094 4022 1210 4084 Bemn.
1223 4025 1313 4103 suere
1329 4025 1381 4104 qui
1391 4036 1463 4088 tum.
1491 4033 1555 4088 tum

161 4147 222 4189 om.
241 4127 327 4195 Item.
337 4149 366 4189 ι.
386 4127 484 4189 Guell.
498 4149 544 4195 ιο.
575 4139 645 4193 utne
664 4129 767 4195 um.
787 4125 939 4190 eom-'diet
954 4127 1152 4190 madunt
1177 4126 1263 4190 Febr.
1292 4129 1377 4192 Rem·
1391 4153 1419 4196 ι.
1445 4133 1558 4216 priora

1212 4253 1239 4314 t
