3850 4867
1510 382 1554 458 17

71 584 78 595 ·
155 556 246 620 tum,
267 552 342 613 tum.
367 542 439 615 107.
455 567 489 609 ex
514 548 613 608 caenis
630 546 674 607 ire
693 576 713 595 -
732 553 918 629 perventum.
935 541 983 606 lbi
1007 544 1137 605 multum
1164 543 1349 606 familiariter
1365 541 1471 627 agebat
1492 568 1524 608 se
1542 578 1563 605 ι.

156 662 240 704 cerus
257 653 286 703 et
300 654 494 725 acceptusque
517 676 537 692 -
555 645 709 727 fidumque
735 675 755 691 -
776 662 876 704 carere
890 674 910 690 -
929 643 1096 702 attenuisse.
1120 644 1190 707 110.
1205 643 1292 702 fuerit
1308 640 1384 701 mihi
1401 645 1530 724 pretinm
1541 676 1562 693 -

156 738 380 823 flagitiumst)
394 740 547 801 Ceterum.
562 744 630 807 112.
645 752 674 801 et
684 741 710 800 ei
727 740 849 798 nunciat
867 772 885 785 -
906 750 970 797 tum
982 740 1042 798 sore
1052 745 1135 816 jussu
1154 770 1174 785 ·
1193 758 1256 797 non
1271 758 1322 797 sua
1334 751 1454 819 captum
1474 742 1562 824 igno-

156 837 262 896 minia.
292 843 361 904 113.
384 840 450 896 loco
482 838 636 912 instituto,
667 848 798 917 tempore
817 866 837 882 -
856 856 891 894 ac
908 834 995 893 bonae
1023 836 1084 913 spei
1106 856 1168 894 esse
1186 866 1206 881 -
1224 837 1345 894 remotis
1366 838 1431 895 aliis
1449 869 1469 884 -
1498 859 1564 917 quse

155 932 269 994 seilicet
289 934 330 993 ita
352 944 468 993 tacente
496 935 561 1014 ipso
590 937 762 1007 occultant,
783 933 841 991 oris
868 932 1075 991 immutatione
1100 932 1272 1013 patefecisse
1290 932 1455 993 -arcessiri
1478 933 1562 1011 jubet

156 1050 191 1090 ,χ
209 1060 229 1078 .
247 1032 317 1090 ‚eei
338 1031 524 1103 nuntiatum
545 1028 724 1112 iugurthem
742 1029 810 1095 lil-
831 1037 997 1109 pugnatum
1016 1032 1092 1088 mele
1106 1050 1167 1109 quo
1185 1061 1203 1075 -
1222 1038 1253 1088 et
1270 1027 1378 1089 deinde
1400 1064 1417 1074 -
1435 1032 1564 1089 nuncia-

156 1136 220 1187 tum
229 1127 347 1187 Marius.
365 1159 385 1175 -
401 1126 504 1187 absens
520 1129 611 1187 iactus
623 1136 652 1186 et
667 1128 694 1186 ei
713 1127 772 1206 (ita
788 1126 874 1185 etiam
886 1123 987 1185 Codex
999 1133 1037 1191 V.
1056 1125 1162 1194 Venet'.
1171 1126 1223 1209 qni
1242 1126 1318 1187 liber
1330 1120 1490 1208 pessimae)
1511 1128 1564 1188 Je-

155 1226 254 1284 nuarii
272 1255 291 1272 -
306 1246 339 1285 ea
352 1234 521 1304 tempestate
540 1256 559 1271 ··
577 1225 638 1284 sitae
652 1233 732 1283 sunt.
1039 1248 1045 1261 ·

259 1399 391 1475 Crateri
409 1401 576 1491 codices,
600 1400 668 1501 qui
686 1400 727 1475 in
742 1394 975 1473 Bibliotheca
994 1398 1174 1475 StMarci
1190 1412 1448 1487 asservantur,
1464 1394 1563 1472 mihi

155 1511 307 1619 indigni
328 1516 397 1591 visi
419 1532 531 1607 sunt,
558 1544 724 1619 quorum
739 1512 918 1592 lectiones
937 1530 1130 1608 notarem3
1154 1542 1246 1590 nam
1260 1512 1320 1590 vel
1340 1513 1459 1593 levius
1479 1512 1564 1589 illos

155 1630 339 1703 tractanti
366 1645 421 1705 tot
452 1647 703 1706 occurrerunt
731 1631 842 1721 vitia,
869 1628 1009 1703 menda
1032 1628 1247 1733 scriptum,
1268 1628 1397 1733 glossae
1422 1644 1461 1704 et
1479 1654 1566 1732 quae

156 1743 232 1818 alia
256 1762 412 1849 peecata
436 1747 485 1819 ah
506 1747 705 1822 incuriosis
728 1745 892 1820 librariis
912 1746 1231 1839 committuntur,
1257 1761 1304 1820 ut
1324 1745 1415 1821 lihri
1429 1746 1490 1821 isti
1503 1746 1566 1821 vix

155 1886 314 1963 prusam
346 1861 545 1965 quandam
567 1862 775 1939 editionem
801 1888 952 1964 aequare
976 1860 1209 1939 viderentur.
1259 1860 1441 1965 Inscripti
1470 1880 1564 1936 sunt

157 1974 241 2049 ita:
266 1975 363 2051 alter
387 1978 492 2081 apud
513 1977 734 2054 Mosellium
769 2003 848 2053 101.
872 1976 1009 2053 clasx.
1041 1976 1233 2052 codeces
1258 1979 1345 2051 Saec
1370 2004 1427 2052 xv.
1454 1977 1565 2052 alteri

156 2091 279 2195 gentis
304 2082 442 2167 nobilis
464 2093 625 2197 insignia
651 2093 824 2198 praefixa,
839 2096 914 2168 Leo
937 2090 1062 2167 alatus
1080 2108 1120 2167 et
1139 2118 1272 2197 panno
1295 2092 1475 2183 indutus3
1493 2094 1567 2166 Sae-

157 2204 247 2279 culo
273 2232 341 2280 xrv.
380 2207 542 2312 scriptus
567 2234 642 2285 esse
665 2210 825 2286 videtur.
871 2208 1046 2283 Forsitan
1074 2208 1174 2283 idem
1199 2225 1253 2285 est
1274 2208 1395 2299 liber,
1421 2210 1490 2312 qui
1522 2211 1567 2286 in

159 2320 337 2425 Catalogo
362 2322 456 2397 Bibl.
488 2325 656 2399 Naniani
679 2324 973 2429 septuagesimus
1003 2324 1191 2399 secundus
1214 2341 1448 2401 numeratur.
1493 2326 1567 2401 Sed

159 2435 253 2510 ordo
274 2437 477 2511 verborum
499 2441 643 2514 mirum
664 2441 706 2514 in
723 2439 882 2514 modum
902 2440 1098 2527 turbatus,
1119 2440 1291 2541 quamvis
1302 2440 1468 2515 secunda
1486 2469 1567 2515 ma-

157 2577 215 2625 nu
227 2570 416 2627 correctus
431 2554 488 2629 sit
499 2556 648 2629 Tertius
663 2554 891 2631 Chartaceus
918 2554 1027 2653 (clas.
1043 2582 1112 2630 xlv.
1132 2554 1212 2629 cod.
1226 2558 1386 2655 arria)
1412 2556 1566 2632 Salustii

156 2665 343 2743 vitamet
371 2672 637 2745 annotationes
667 2670 709 2745 in
742 2670 822 2775 ejus
845 2670 1022 2745 historias
1052 2670 1232 2745 continet
1270 2671 1344 2745 Sed
1375 2699 1568 2748 commen·

158 2782 277 2857 tarius
291 2798 452 2875 ¹tantum
483 2802 626 2888 septem
649 2786 778 2892 priora
807 2788 931 2891 capita
955 2784 1129 2861 Catilinae
1155 2785 1440 2890 complectitur3
1475 2804 1567 2863 sunt

157 2922 271 2971 meroe
291 2900 418 3003 glossae
450 2899 648 2975 rhetoricae
679 2928 701 2974 a
724 2901 902 3007 magistro
921 2901 1117 3004 discipulis
1139 2902 1291 2977 dictatae
1299 2935 1310 2996 ;
1336 2904 1379 2979 in
1404 2904 1482 2981 rita
1506 2903 1566 2979 ni-

156 3010 216 3087 hil
237 3014 441 3107 inveneris,
458 3014 564 3119 quod
584 3042 665 3091 non
687 3043 733 3092 ex
757 3016 845 3121 ipsis
866 3016 1113 3093 historiarum
1127 3016 1236 3093 libris
1252 3020 1426 3125 cognosci
1442 3019 1566 3122 possit.

332 3376 433 3464 na
489 3318 947 3469 conrcrnus
1002 3379 1384 3467 ROMANIS

524 3556 576 3639 a.)
626 3555 889 3632 CODICES
914 3554 1213 3631 VATICANI.

261 3711 350 3785 Cori.
367 3715 398 3787 I.
448 3717 496 3789 In
517 3716 641 3820 prima
662 3720 801 3823 pagina
821 3717 904 3793 haec
918 3716 1086 3821 scripta:
1113 3715 1201 3791 Cod.
1227 3716 1349 3792 Vatic
1379 3718 1488 3812 3864.

158 3827 232 3900 Cui
254 3826 415 3903 Caesaris
431 3829 518 3903 belli
540 3833 682 3907 Gallici
711 3834 797 3907 libri
812 3860 904 3911 Vm.
952 3834 1113 3909 Cronica
1132 3834 1310 3936 ejusdem,
1335 3836 1568 3932 epistolarum

139 3943 200 4019 'G
221 3944 340 4015 Plinii
359 3945 488 4019 Cecilii
508 3950 664 4023 secandi
683 3949 787 4023 Libri
806 3976 861 4025 ιν.
903 3948 1098 4024 Orationes
1124 3968 1160 4025 et
1189 3950 1355 4048 apastoloe
1385 3977 1435 4025 aaa
1464 3952 1569 4026 libres

156 4060 393 4133 historiarum
418 4061 591 4139 Sallustii.
636 4066 773 4139 Forma
810 4064 1022 4167 quadrata3
1051 4064 1160 4141 hunc
1195 4064 1340 4139 librum
1365 4066 1503 4147 wculo
1532 4093 1569 4143 x·

154 4173 346 4277 scripturn
365 4202 440 4254 esse
467 4178 615 4283 judicat
641 4181 701 4255 vir
726 4180 971 4273 clarissimus,
996 4180 1189 4271 Niebuhr,
1209 4180 1326 4287 hujus
1352 4182 1407 4258 r'ei
1435 4207 1568 4258 censor

998 4322 1023 4395 3
