3850 4867
1458 354 1534 432 ²⁰9

102 522 279 583 tacente
298 506 378 614 ipso
390 566 400 600 ‚
413 508 561 587 occulta
584 506 746 614 pectoris
764 506 989 612 patefecisse.
1013 509 1158 587 Tamen
1175 524 1365 617 postremo
1382 506 1530 589 Sullam

97 633 265 708 accersi
291 634 397 710 iubet
424 650 462 711 et
486 662 531 711 ex
554 635 633 711 eius
653 632 840 709 sententia
857 633 1035 710 Numidae
1052 633 1208 711 insidias
1227 635 1360 712 tendit
1407 625 1528 714 Dein-

99 756 174 846 de,
204 756 288 833 ubi
306 756 385 833 dies
412 758 566 834 advenit
590 774 628 833 et
658 756 694 833 ei
718 756 949 833 nunciatum
974 757 1297 865 est‚.1ugurtham
1315 756 1423 837 haud
1437 787 1528 867 pro-
1614 759 1619 765 ’

99 880 172 957 cul
197 882 355 977 abesse3
387 911 477 961 cum
497 882 628 987 paucis
656 882 786 957 amicis
811 898 850 959 et
866 882 1061 981 Quaestore
1076 898 1220 977 ,nostro
1253 882 1362 987 quasi
1393 885 1528 964 obvius

98 1003 282 1083 honoris
306 1032 432 1084 caussa
453 1006 626 1112 procedit
646 1004 688 1083 in
715 1006 911 1085 tumulum
932 1005 1178 1085 facillumum
1196 1008 1280 1086 visu
1312 1007 1528 1085 insidianti·

99 1130 197 1208 bus.
231 1132 384 1208 Eodem
398 1130 564 1207 Numida
582 1158 671 1205 cum
691 1129 884 1237 plerisque
904 1132 1118 1207 necessariis
1137 1133 1231 1224 suis,
1257 1134 1442 1224 inermus,
1465 1132 1526 1208 uti

102 1256 273 1333 dictum
299 1274 398 1347 erat,
429 1255 595 1349 accedit;
626 1282 671 1331 ac
701 1254 850 1347 statim,
872 1253 981 1361 signo
1008 1256 1117 1347 dato,
1140 1257 1315 1361 undique
1340 1256 1456 1333 simul
1479 1284 1527 1333 ex

104 1382 270 1459 insidiis
286 1380 490 1457 invaditur.
520 1378 642 1456 Ceteri
662 1378 901 1455 obtruncati:
918 1377 1103 1484 Iugurtha
1114 1381 1229 1457 Sullae
1242 1382 1392 1458 vinctus
1408 1380 1526 1458 tradi-

107 1524 195 1597 tur,
212 1524 258 1583 et
281 1508 332 1581 ab
348 1532 393 1581 ec
405 1504 455 1581 ad
466 1505 634 1579 Marium
651 1500 836 1579 deductus
857 1520 920 1579 est.
951 1506 1138 1582 Paridem
1155 1523 1303 1611 tempus
1323 1506 1525 1583 advorsum
1538 1525 1594 1597 ul

108 1630 255 1707 Gallos
289 1632 339 1705 ab
367 1616 529 1705 ducihus
552 1626 689 1703 nostris
716 1626 762 1725 Q.
782 1628 958 1733 Caepione
976 1645 1015 1703 et
1029 1630 1080 1704 M.
1096 1630 1244 1706 Manlio
1267 1632 1367 1707 male
1379 1620 1526 1737 pugna-

111 1772 226 1849 tum;
254 1784 337 1860 quo
357 1770 464 1851 metu
483 1752 594 1827 Italia
618 1750 741 1828 omnis
759 1767 1050 1829 contremuerat.
1086 1754 1226 1857 Illique
1245 1771 1284 1831 et
1302 1756 1392 1832 inde
1407 1782 1527 1858 usque

113 1882 163 1958 ad
191 1896 374 1957 nostram
399 1876 624 1954 memoriam
651 1874 814 1951 Romani
837 1874 891 1950 sic
917 1874 1110 1952 habuere:
1136 1878 1212 1953 alia
1236 1880 1366 1955 omnia
1392 1880 1528 1955 virtuti

111 2031 191 2082 suae
208 2030 341 2111 prona
370 2028 468 2091 essc3
493 2028 583 2076 cum
609 1999 732 2075 Gallis
763 2024 834 2104 pro
859 1999 996 2092 salute,
1021 2028 1100 2077 non
1126 2028 1198 2109 pro
1226 2002 1347 2105 gloria
1374 2020 1526 2079 certare.

116 2130 189 2205 Sed
210 2144 421 2236 postquam
441 2123 587 2200 bellum
613 2124 655 2198 in
673 2122 855 2199 Numidia
877 2124 1096 2202 confectum
1115 2142 1154 2203 ct
1174 2123 1399 2233 Iugurtham
1422 2127 1527 2203 viuc-

119 2269 204 2331 tum
226 2252 374 2330 adduci
390 2251 550 2325 Romam
568 2248 800 2325 nunciatum
820 2264 892 2343 est;
917 2248 1062 2325 Marius
1086 2248 1228 2325 Consul
1248 2250 1380 2326 absens
1404 2249 1528 2328 factam

120 2396 173 2455 est
198 2396 240 2457 et
261 2377 300 2455 ei
317 2376 468 2453 decreta
485 2372 684 2479 provincia
695 2371 843 2469 Gallia3
867 2372 976 2476 isque
993 2372 1174 2449 Kalendis
1185 2374 1373 2451 Ianuariis
1387 2373 1529 2481 magna*

122 2578 188 2641 cius
200 2582 243 2642 ita
255 2578 366 2663 optimi
378 2572 472 2636 Curtii
481 2572 550 2633 libri
570 2572 629 2633 Pal.
642 2575 669 2637 3.
682 2570 709 2637 5.
720 2570 749 2631 6.
768 2572 857 2653 pauci
866 2566 955 2645 Ririi3
970 2570 1290 2651 compluerentur.
1305 2571 1367 2635 Bes
1378 2596 1404 2641 ι.
1417 2572 1530 2636 dictur

124 2684 245 2747 addunt.
265 2681 467 2768 patefaciam
485 2680 546 2739 alii.
574 2677 618 2739 ita
635 2685 750 2739 lucem
767 2676 929 2759 1eid.g.n.
950 2676 1039 2736 Palat.
1055 2695 1081 2735 r.
1092 2676 1157 2743 κδ.
1166 2678 1196 2748 l.
1205 2679 1234 2739 6.
1244 2700 1273 2760 7.
1293 2680 1412 2741 ocutlto
1425 2688 1529 2761 pecto-

55 2868 56 2871 *
125 2790 165 2850 ris
182 2792 223 2851 ita
233 2790 327 2854 Palat.
336 2788 366 2861 l.
377 2810 406 2872 7.
417 2788 447 2848 8.
467 2783 571 2845 Franc.
591 2782 671 2843 leid.
681 2782 713 2842 b.
728 2780 758 2842 d.
767 2802 793 2842 e.
814 2782 906 2842 Mark.
923 2792 959 2844 Δ.
979 2780 1076 2842 Suus.
1095 2780 1178 2865 Berg.
1198 2784 1258 2844 inc.
1266 2804 1294 2845 a.
1315 2784 1399 2849 Fabr.
1411 2807 1438 2845 ι.
1458 2785 1529 2847 Ece.

128 2894 221 2959 Gucll.
231 2896 261 2958 6.
273 2920 302 2981 7.
315 2914 362 2956 ra.
382 2892 469 2954 Paris.
481 2911 507 2956 e.
526 2886 642 2951 occulta
655 2896 683 2947 et
693 2885 770 2961 cria,
786 2886 873 2947 multi
885 2906 921 2946 ex
931 2887 1142 2962 vetustissimis,
1160 2888 1298 2951 aliiraria
1309 2889 1438 2951 turbant.
1458 2908 1529 2952 ccr-

129 3000 171 3061 da's
188 3010 217 3065 ct
231 3002 311 3075 oris,
331 2999 391 3062 oria
405 2994 628 3065 immutatione,
647 2990 738 3075 specie
754 2989 815 3052 oria
828 2992 936 3074 passim
957 2992 1081 3074 legitur,
1100 2992 1188 3053 etiam
1207 2995 1260 3075 qui
1273 2995 1389 3054 ocadtc
1402 2994 1529 3075 pectoris

130 3108 241 3189 legunt,
268 3108 338 3169 ulia
358 3103 482 3167 addunt.
503 3100 619 3162 occulta
640 3096 701 3159 cria
724 3094 847 3170 Gauio,
876 3094 1033 3171 Gruterus,
1053 3097 1189 3159 Wassius.
1215 3097 1355 3160 construi
1370 3098 1438 3160 Eoo.
1458 3100 1527 3164 Vin.

129 3209 208 3274 labi.
221 3232 249 3279 a.
269 3213 353 3295 Berg.
371 3210 467 3269 struv.
487 3210 593 3273 Frauc.
612 3202 692 3267 Vrat.
708 3221 735 3262 a.
747 3200 777 3262 3.
796 3198 894 3261 Gucll.
912 3222 937 3260 ι.
951 3201 980 3261 6.
995 3222 1042 3262 ιο.
1059 3222 1106 3263 aa.
1126 3200 1205 3265 mvii
1219 3201 1299 3279 libri,
1319 3205 1417 3285 plures
1436 3206 1526 3265 Palat.

132 3318 267 3380 accersire
284 3318 353 3381 Seu.
370 3335 398 3376 a.
418 3312 519 3373 Hauc.
538 3306 650 3370 occani
667 3304 753 3366 sacr.
769 3324 795 3364 1.
815 3304 883 3365 San.
897 3325 923 3364 ι.
942 3304 1024 3368 Vrat.
1038 3327 1063 3365 1.
1083 3305 1166 3368 mbr.
1186 3306 1275 3371 llirii·
1290 3306 1375 3368 Bcrn.
1388 3329 1414 3368 r.
1428 3304 1526 3373 noar.

136 3422 263 3485 arcessiri
281 3421 379 3483 Guell.
391 3439 438 3479 11.
459 3413 582 3476 Betui.
593 3412 664 3472 Tur.
682 3408 790 3471 arcessi
808 3406 930 3475 flavere.
948 3408 1018 3472 Noa.
1040 3412 1100 3476 Pal.
1107 3410 1138 3472 3.
1157 3429 1195 3472 ca
1210 3410 1288 3473 illius
1303 3412 1447 3473 mortio
1465 3410 1529 3474 Bas.

140 3526 198 3599 ul.
216 3526 286 3612 Teg.
306 3525 352 3587 uti
374 3521 512 3592 Bacul.
532 3518 630 3578 Turic.
650 3516 736 3580 Bam.
750 3516 814 3577 ul.
834 3523 900 3575 crat
914 3515 1092 3581 amsani.
1112 3515 1269 3578 accarim.
1289 3536 1327 3578 ac
1341 3537 1403 3579 om.
1423 3518 1529 3581 Semo.

139 3627 230 3695 Eunu.
248 3626 463 3697 vindusSullcc
472 3626 542 3709 reg.
557 3620 653 3687 adol.
664 3622 769 3683 diculus
782 3628 832 3682 ccl.
853 3620 952 3681 Guelf.
966 3640 1013 3687 η.
1032 3620 1102 3683 Vm.
1116 3643 1142 3681 ι.
1163 3623 1232 3684 Son.
1247 3642 1276 3684 a.
1297 3622 1398 3685 Heus.
1416 3633 1530 3690 mom.

136 3730 208 3799 laid.
220 3736 284 3800 las.

212 3838 284 3925 Cap,
302 3841 368 3915 114.
398 3840 436 3919 Q.
452 3834 585 3919 Scipioni
603 3833 726 3917 plurimi
746 3830 849 3892 corui.
883 3828 942 3892 Gn.
961 3830 1068 3892 Mallio
1086 3830 1184 3893 Gucll.
1195 3854 1226 3915 9.
1249 3831 1285 3895 C.
1296 3834 1414 3898 Manlio
1432 3838 1532 3929 (laeli.

146 3962 187 4011 u.
203 3968 291 4029 pugn·
305 3956 346 4010 est
365 3940 528 4007 Icidmb.
543 3937 691 4023 d.r.g.h.
704 3958 736 3999 n.
757 3936 935 3998 contremuit
954 3936 1018 3995 Bas.
1041 3957 1066 3997 ι.
1085 3937 1240 4000 Fabrici.
1264 3940 1363 4008 Gucll.
1377 3964 1404 4004 ι.
1433 3944 1534 4025 alapae

146 4049 248 4115 atinde
259 4072 347 4135 usque
367 4052 409 4113 ita
420 4048 536 4109 Gruter.
552 4056 582 4107 st
595 4045 688 4109 Wass.
707 4052 736 4104 ct
749 4041 857 4103 deindo
867 4060 954 4121 muru
975 4041 1058 4106 Febr.
1074 4061 1102 4105 ι.
1121 4044 1189 4105 llec
1211 4044 1309 4107 Gucll.
1320 4071 1348 4129 7.
1358 4070 1388 4130 9.
1408 4047 1489 4110 leid.
1500 4048 1533 4115 la.

147 4150 270 4239 illucque
285 4168 314 4222 a
327 4175 415 4236 mque
432 4154 500 4219 Son.
513 4173 538 4217 ι.
549 4150 663 4213 Fabric.
683 4166 770 4229 uaqru
782 4166 844 4213 cm.
859 4150 945 4213 Vrat.
964 4165 994 4207 a.
1013 4146 1125 4209 certari
1137 4150 1291 4212 deteriore·
1305 4150 1385 4213 libri.
1404 4154 1535 4217 Romam

150 4256 267 4327 droun
282 4263 345 4331 nn.
359 4259 423 4335 ul.
443 4258 513 4319 Tur.
533 4255 618 4323 Rern.
633 4274 661 4318 ι.
682 4254 787 4333 facua
801 4260 852 4314 cu.
872 4260 916 4314 ut
933 4270 996 4312 om.
1014 4250 1134 4346 leupo.
1153 4256 1323 4336 aqum
1342 4257 1449 4326 sm,
1468 4258 1533 4322 n,

1086 4406 1132 4482 27
