3850 4867
1462 303 1536 375 ²83⁴

145 476 485 571 medicatorem,
519 496 656 583 praeter
694 506 834 557 nomen
868 480 1043 585 imperii,
1074 481 1283 583 quicquam
1300 477 1533 567 ‚interbierit

142 594 208 669 Sed
232 599 327 699 quid
347 626 422 703 :ego
446 602 560 703 plura
587 603 634 678 de
661 620 727 678 tua
752 604 955 679 insolentia
978 606 1291 679 commemoseml
1325 629 1441 705 quem
1460 601 1534 675 Mi·

141 742 248 795 nerva
273 722 395 797 omnis
422 724 512 797 a'rtis
537 724 710 815 edocuit,
736 726 883 830 Iupiter
910 743 1090 831 optumus
1112 751 1313 801 maxumus
1339 726 1382 800 in
1406 724 1534 800 conci·

141 839 233 917 lium
255 843 414 920 deorum
438 844 608 938 admisit,
624 849 734 923 Italia
753 850 920 926 exsulem
930 849 1100 926 bumeris
1111 850 1188 925 suis
1201 850 1416 953 asportavit
1453 849 1533 925 Oro

140 978 192 1053 te,
215 966 373 1043 Romule
388 970 570 1072 Arpinas,
594 972 663 1075 qui
687 971 832 1077 egmgia
851 988 917 1047 tua
943 973 1084 1049 virtute
1106 998 1236 1049 omnes
1255 973 1427 1063 Paullos,
1461 974 1539 1049 Fa-‚

139 1087 238 1181 bios,
276 1093 468 1197 Scipiones
491 1094 695 1198 superasti,
727 1121 844 1196 quem
870 1095 1026 1171 tandem
1055 1097 1187 1172 locum
1210 1095 1252 1171 in
1276 1094 1352 1171 hac
1382 1096 1534 1172 civitate

140 1212 303 1292 obtines?
329 1242 416 1319 quas
429 1216 499 1291 tibi
511 1232 636 1321 partas
654 1215 876 1320 reipublicae
888 1217 1064 1321 placenti
1088 1244 1205 1322 quem
1216 1218 1401 1309 amicum,
1416 1245 1533 1322 quem

139 1333 337 1415 inimicum
354 1337 498 1415 habesl
532 1340 596 1415 cui
626 1338 669 1415 in
698 1339 850 1417 civitate
870 1340 993 1417 fecisti
1014 1342 1188 1431 insidias,
1211 1342 1429 1417 ancillaris:
1454 1370 1533 1445 quo

138 1462 232 1549 iure,
258 1488 348 1537 cum
370 1462 418 1538 de
438 1460 569 1537 exsilio
590 1478 657 1540 tuo
679 1462 895 1567 Dyrrachio
906 1464 1056 1555 aedisti,
1069 1490 1161 1541 eum
1175 1464 1414 1567 sequebaris?
1437 1491 1533 1567 quos

138 1596 315 1685 tyrannos
342 1584 577 1690 appellabas,
601 1611 736 1661 eorum
763 1587 945 1691 potantia
973 1586 1094 1663 favas:
1120 1587 1190 1689 qui
1212 1586 1284 1662 tibi
1316 1604 1407 1664 ante
1435 1589 1535 1692 opti-

139 1724 247 1785 mates
282 1709 532 1798 videbantur,
568 1707 720 1787 eosdem
756 1708 941 1785 dementis
972 1735 1019 1784 ac
1049 1707 1209 1785 furiosos
1226 1733 1347 1785 vocas.
1384 1711 1534 1806 Vatinii

141 1855 299 1907 caussam
311 1832 410 1936 agis:
437 1830 486 1906 de
496 1830 621 1905 Sextio
641 1829 740 1905 male
753 1831 979 1907 existumas:
1004 1832 1186 1907 Bibulum
1204 1832 1530 1935 petulantissumis

140 1955 252 2031 verbis
271 1955 399 2029 laedis:
428 1952 560 2033 laudas
584 1941 789 2029 Caesarem:
813 1981 928 2056 quem
947 1979 1125 2032 maxume
1143 1953 1274 2044 odisti,
1297 1953 1333 2028 ei
1356 1948 1534 2030 maxume

141 2078 373 2181 obsequeris:
409 2075 519 2151 aliud
539 2090 660 2165 stans,
686 2075 795 2151 aliud
821 2076 971 2165 sedens,
1003 2076 1052 2152 de
1075 2075 1274 2179 republica
1285 2070 1441 2171 ,sentiae
1472 2075 1533 2151 his

140 2200 341 2291 maledicis,
368 2198 454 2274 illos
470 2197 607 2281 odisti:
633 2197 828 2277 levissume
853 2197 1065 2304 transfuga!
1090 2224 1216 2301 nespas
1231 2199 1273 2272 in
1293 2196 1383 2289 hac,
1406 2224 1532 2306 neque

140 2322 198 2397 illa
219 2340 327 2428 parte
344 2322 460 2398 fidem
479 2319 632 2397 hahens.

140 2525 202 2589 odio
213 2522 257 2584 lui
274 2524 334 2583 inc.
354 2518 529 2581 insectabere
545 2516 639 2577 verbis
657 2516 737 2576 Laid.
751 2537 777 2577 c.
799 2514 933 2593 imarsuit
952 2515 1015 2575 Bas.
1032 2516 1130 2596 amab
1144 2516 1227 2582 crib.
1241 2515 1303 2575 llas.
1326 2516 1359 2575 in
1372 2518 1531 2580 concilium

140 2632 193 2691 inc.
211 2630 300 2693 Edita
316 2636 441 2696 veura,
471 2622 586 2701 Popmte
601 2618 669 2680 libri
688 2623 729 2681 ita
746 2619 890 2694 Quinctil.
910 2618 943 2679 in
962 2620 1085 2681 concillo
1100 2624 1148 2682 vsl
1165 2619 1318 2682 condlt'aun
1338 2622 1452 2703 reliqui.
1484 2644 1531 2686 rs.

141 2734 228 2807 daei,
247 2752 331 2811 quam
344 2724 473 2790 dilectae
490 2723 667 2805 persequere}
684 2725 766 2785 Laid.
779 2745 806 2785 c.
833 2744 899 2785 sum
911 2724 1035 2803 septemb
1053 2724 1115 2783 Bas.
1132 2725 1220 2805 septis
1242 2727 1280 2786 ds
1298 2725 1447 2797 republica
1465 2726 1530 2789 Bu.

141 2839 251 2900 leid-c.
262 2838 358 2915 fidam
372 2833 482 2895 lubens
502 2828 564 2894 Itu.
584 2828 701 2894 loide.
722 2828 773 2891 lc.
793 2828 877 2891 Rstn.
895 2828 1007 2896 amau
1026 2826 1153 2898 Gadita,
