3850 4867
1577 325 1642 428 177

240 497 305 547 em
330 499 432 578 agas,
453 473 661 592 exercitum
674 473 865 578 suppl-icio
887 481 1032 577 cogere,
1057 472 1167 550 idest
1186 473 1408 576 dominum,
1432 503 1513 554 non
1528 477 1646 584 impe·-

240 613 408 672 ratorem
429 625 512 674 esse.
562 601 653 674 Haec
671 615 790 701 atque
811 597 901 673 talia
915 598 1074 674 maiores
1091 599 1203 674 vestri
1220 585 1402 674 faciundo
1420 625 1534 704 seque
1547 627 1645 681 rem·

240 745 319 822 que
344 721 541 847 publicam
573 700 812 825 celebravere.
863 723 960 819 Quis
987 721 1184 798 nobilitas
1191 721 1302 816 freta,
1327 723 1418 825 ipsa
1454 724 1644 802 dissimilis

236 844 429 937 moribus,
452 873 522 928 nos
548 846 706 922 illorum
727 845 884 921 aemulos
909 837 1142 934 contemnit,
1175 862 1214 920 et
1232 845 1356 951 omnis
1375 844 1539 922 bonores
1562 874 1644 926 non

235 994 286 1044 ex
310 970 463 1058 merito,
487 970 552 1045 sed
584 970 691 1073 quasi
720 970 865 1045 debitos
890 996 914 1042 a
944 969 1051 1046 vobis
1075 969 1221 1073 repetit
1268 943 1443 1045 Ceterum
1469 969 1644 1050 homines

230 1092 503 1196 superbissumi
523 1092 658 1206 procul
682 1109 827 1168 errant.
858 1092 1019 1168 Maiores
1044 1119 1177 1168 eorum
1195 1094 1342 1184 omnia,
1368 1119 1455 1200 quae
1477 1095 1643 1188 licebat,

231 1214 312 1290 illis
330 1217 533 1320 reliquere,
555 1217 759 1307 divitias,
747 1202 944 1321 rmagines,
969 1217 1192 1320 memoriam
1211 1227 1270 1292 siu
1260 1216 1542 1319 'rpraeclarum
1566 1219 1642 1295 vir-
1648 1318 1651 1324 Ι

233 1353 358 1415 tutem
377 1368 457 1432 non
476 1340 689 1443 reliquere;
713 1364 837 1440 neque
860 1356 1071 1444 poterant:
1079 1367 1123 1416 ea
1142 1317 1220 1442 sola
1242 1365 1366 1440 neque
1387 1340 1502 1415 datur
1525 1319 1639 1432 dono,

231 1489 360 1566 neque
379 1463 574 1567 accipitur.
618 1461 824 1538 Sordidum
849 1488 910 1536 me
934 1478 973 1536 et
997 1461 1153 1537 incultis
1183 1435 1353 1536 moribus
1385 1462 1515 1558 aiunt3
1543 1464 1638 1568 quie

230 1613 374 1690 parum
396 1589 487 1685 scite
517 1585 735 1686 convivium
769 1610 932 1673 exorno,
957 1611 1082 1687 neque
1112 1583 1336 1660 histrionem
1364 1560 1492 1662 ullum
1517 1613 1641 1696 neque

228 1711 355 1814 pluris
376 1711 489 1816 pretii
511 1737 645 1787 cocum
674 1735 792 1810 quam
818 1706 991 1808 villicum
1010 1706 1155 1796 habe03
1185 1733 1271 1810 quae
1297 1706 1394 1781 mihi
1422 1708 1529 1786 lubet
1549 1737 1652 1820 con-fl

230 1834 351 1923 fiteri,
387 1835 564 1930 Quirites.
614 1833 711 1906 Nam
734 1857 780 1904 ex
804 1845 961 1933 parente
996 1856 1079 1932 meo
1116 1845 1155 1904 et
1187 1855 1233 1904 ex
1262 1829 1352 1938 'aliis
1385 1833 1524 1906 sanctis
1548 1834 1637 1908 viris

231 1959 291 2033 ita
311 1958 459 2061 accepi,
484 1955 694 2031 munditias
721 1952 968 2042 mulieribus,
1002 1953 1091 2060 viris
1119 1952 1289 2027 laborem
1308 1935 1525 2045 convenire,
1556 1984 1650 2068 orn-¹

228 2080 423 2185 nibusque
458 2082 569 2157 bonis
610 2093 782 2181 oportere
819 2076 906 2179 plus
940 2075 1069 2179 gloriae
1113 2101 1231 2176 quam
1269 2074 1491 2150 divitiarum
1532 2103 1636 2190 esse3

228 2231 358 2296 arma,
391 2233 472 2282 non
503 2200 805 2309 suppellectilem
834 2199 961 2274 decori
989 2224 1071 2274 esse.
1123 2199 1232 2295 Quin
1253 2223 1340 2302 ergo
1367 2197 1513 2300 quod
1502 2219 1632 2294 iuvat,

227 2328 340 2432 quod
366 2356 499 2405 carum
520 2340 741 2415 metumant,
775 2321 818 2399 id
842 2347 988 2425 semper
1011 2319 1174 2412 faciant,
1201 2336 1348 2410 ament,
1372 2338 1535 2424 potent3
1565 2326 1634 2402 ubi

227 2450 531 2548 adulescentiam
543 2447 730 2538 habuere,
754 2446 808 2520 ibi
833 2459 1064 2520 senectutem
1085 2459 1218 2549 agant,
1234 2445 1277 2518 in
1297 2444 1496 2556 conviviis,
1514 2447 1633 2557 dediti

225 2577 356 2674 ventri
379 2592 417 2652 et
442 2573 679 2678 turpissumae
703 2569 804 2674 parti
834 2569 1027 2672 corporis:
1051 2567 1248 2662 sudorem,
1273 2567 1468 2671 pulverem
1498 2587 1536 2647 et
1557 2572 1647 2678 alia¹

226 2699 322 2775 talia
338 2699 561 2801 relinquant
581 2695 708 2785 nohis,
732 2692 872 2797 quibus
890 2691 958 2766 illa
979 2690 1100 2794 epulis
1124 2691 1348 2766 iocundiora
1361 2707 1460 2767 sunt
1487 2696 1632 2772 Verum

225 2850 311 2901 non
337 2839 393 2898 est
423 2824 484 2898 ita.
527 2822 625 2897 Nam
648 2819 719 2894 ubi
743 2843 782 2891 se
807 2814 959 2920 flagitiis
992 2813 1259 2889 dedecoravere
1288 2815 1510 2918 turpissumi
1540 2819 1631 2911 viri,

222 2947 419 3026 bonorum
436 2943 592 3050 praemia
613 2957 787 3046 ereptum
806 2953 909 3014 eunt
950 2941 1009 3011 Ita
1031 2936 1458 3026 iniustissumeluxuria
1476 2941 1631 3046 etigna-

221 3170 356 3235 laium,
370 3169 497 3250 tukorgo
516 3167 603 3228 Fabr.
616 3187 642 3226 1.
655 3163 717 3223 Bas.
731 3183 756 3221 1.
777 3162 837 3220 inc.
854 3181 879 3219 r.
898 3159 968 3222 Vin.
981 3178 1009 3219 2.
1031 3157 1129 3218 Guelf.
1140 3176 1168 3217 ι.
1181 3156 1250 3217 Tur.
1272 3164 1629 3245 namcumtutsquinque

221 3274 340 3341 ΨΜ,
360 3277 441 3340 (ΡΜ,
454 3293 511 3334 0330
526 3291 588 3332 mn
601 3269 671 3348 imp.
685 3269 725 3327 ita
738 3266 859 3328 Havete.
880 3263 961 3323 Leid.
981 3265 1040 3324 hcc
1051 3271 1091 3322 est
1100 3260 1182 3324 civile
1198 3262 1266 3342 imp.
1280 3263 1360 3323 leid.
1373 3287 1398 3325 c.
1410 3287 1435 3331 e.
1448 3265 1468 3325 f.
1480 3263 1542 3326 h.'i.
1563 3268 1627 3330 hoec

221 3378 385 3458 aequantia
403 3378 465 3438 Bar.
481 3398 507 3437 ι.
527 3375 594 3436 Ecc.
615 3371 704 3433 Acad.
723 3371 819 3429 Sonat.
832 3389 858 3426 r.
877 3368 978 3428 Vinar.
995 3388 1023 3427 ι.
1050 3367 1130 3427 Vrat.
1143 3387 1168 3424 ι.
1196 3366 1416 3452 6ηι1ῐ.ι.4.,7.
1431 3389 1477 3431 ιι.
1502 3372 1624 3436 Haverc.

218 3484 308 3548 laid.
328 3485 413 3547 Paris.
427 3481 495 3542 ab.
507 3503 533 3540 c.
546 3501 572 3539 e.
593 3477 667 3537 talia
691 3475 778 3536 ceteri
793 3473 875 3537 Gort.
895 3471 983 3534 Paris.
999 3471 1029 3536 d.
1051 3471 1194 3530 inctdtum
1214 3472 1459 3540 meridiabant.
1480 3475 1622 3545 ineerta

221 3587 332 3650 magor,
358 3585 454 3649 nom}
471 3583 572 3655 ΒΜ,
593 3602 696 3644 cocum
720 3579 818 3642 Senot.
834 3599 859 3636 r.
883 3574 1023 3646 Beer-d.
1053 3575 1162 3636 Fabric.
1181 3595 1210 3640 a.
1230 3575 1408 3639 Guell.1.'a.
1418 3575 1446 3640 6.
1460 3605 1489 3662 9.
1515 3593 1543 3641 et
1559 3583 1625 3645 ulir's

218 3704 318 3758 mm,
330 3692 442 3756 Fabric,
462 3689 563 3753 Vinar.
578 3708 606 3747 a.
625 3687 727 3745 incert.
738 3703 765 3743 a.
786 3679 881 3740 Gucll.
898 3701 926 3760 7.
943 3677 1052 3738 sanctis
1065 3678 1131 3738 aliis
1150 3681 1251 3739 insert.
1265 3702 1291 3740 r.
1311 3681 1378 3742 aliis
1399 3705 1459 3743 om.
1477 3686 1576 3746 “senat
1595 3709 1621 3748 ι.

219 3797 395 3862 divitum
407 3815 474 3856 esse.
493 3813 551 3854 esse
570 3812 631 3852 om.
652 3790 731 3851 Ririi
743 3786 820 3851 libri.
840 3785 953 3865 aliquot
973 3783 1086 3843 Wassii.
1108 3781 1217 3844 Febris.
1232 3806 1258 3843 ι.
1279 3784 1375 3846 senat.
1397 3787 1496 3854 Heres.
1517 3792 1576 3852 inc.
1595 3813 1620 3852 1.

220 3900 437 3984 02012134.
457 3902 634 3961 decorosus
654 3890 792 3956 Gueltt.
811 3888 910 3948 Namr.
931 3906 1037 3947 carum
1050 3885 1218 3946 existimant
1238 3890 1333 3952 inca.
1355 3889 1421 3955 Ecc.
1444 3890 1540 3954 Guell.
1554 3896 1621 3967 Μ.

221 4012 312 4074 oro.
326 4031 372 4070 ιι.
387 4027 433 4068 ιι.
457 3998 683 4065 dalmantiam
703 3995 787 4055 Bem.
803 4015 829 4053 ι.
851 3989 1118 4052 ἰοιιιιιάἰονιἬιι.
1138 4012 1164 4050 ι.
1179 3989 1208 4062 l.
1238 3991 1348 4058 Fabric.
1361 3991 1389 4054 a.
1410 3991 1510 4057 Vinar.
1530 3996 1621 4061 lead.

209 4118 329 4180 &ma
342 4113 442 4175 lleusr.
463 4107 638 4180 coutet
652 4127 680 4187 7.
692 4124 722 4184 9.
735 4122 780 4163 ιο.
800 4098 885 4160 Bern.
901 4120 929 4160 ι.
947 4093 1167 4174 omnibmflag.
1186 4093 1227 4153 ita
1243 4093 1327 4155 ch.
1339 4095 1368 4156 3.
1390 4096 1474 4158 Grut.
1487 4113 1621 4164 ‘notabor
1723 4183 1725 4192 Ι

1175 4243 1223 4313 23
