3850 4867
127 419 138 428 .
1530 325 1604 408 ‘ns

195 506 363 610 pansa
387 523 570 614 empna
590 508 785 612 naama,
816 509 923 613 quoa
947 487 1256 602 nominamus,
1280 508 1519 616 aspamam
1543 499 1599 586 ta

194 629 353 708 tendere
365 635 501 739 coepitz
525 634 676 709 animus
691 657 789 738 teger
803 635 960 710 ovantia
977 634 1089 710 facile
1104 641 1306 712 convorsus
1323 651 1387 710 ast.
1422 637 1599 711 Ceterum

193 753 319 831 socius
361 773 401 833 et
432 757 657 833 administer
692 757 869 832 omnium
896 757 1144 835 consiliorum
1174 758 1389 834 adsumitur
1414 760 1596 840 Scaurus:

194 878 267 981 qui
293 881 441 957 tametsi
471 911 493 957 a
526 881 747 987 principio,
786 880 977 985 plerisque
1010 909 1055 958 ex
1084 882 1250 958 {actione
1278 881 1358 957 eius
1392 884 1597 987 corruptis,

192 1028 395 1081 acerrume
424 1033 550 1111 regem
583 1006 905 1110 impugnaverat,
936 1021 1065 1081 tamen
1093 1004 1359 1110 magnitudine
1382 1006 1597 1109 pecuniaea
1652 1040 1657 1052 ·

194 1125 301 1204 bono
320 1127 554 1233 honestoque
573 1130 613 1204 in
632 1155 794 1233 pravum
814 1128 1024 1208 abstractus
1040 1146 1102 1205 est.
1136 1129 1208 1204 Sed
1225 1127 1411 1234 Iugurtha
1425 1132 1598 1234 primum

194 1254 467 1329 tantummodo
482 1253 575 1330 belli
590 1281 737 1328 moram
750 1252 978 1344 redimebat,
988 1255 1236 1342 existumans,
1252 1279 1328 1328 sese
1340 1253 1490 1356 aliquid
1502 1254 1598 1330 inte-

194 1375 273 1451 rim
292 1379 419 1454 Romae
434 1378 556 1481 pretio
570 1394 639 1453 ant
658 1378 778 1480 gratia
798 1377 1042 1454 effecturum
1060 1396 1186 1482 postea
1206 1403 1292 1454 vero
1307 1404 1425 1480 quam
1443 1379 1597 1486 partici-

192 1525 286 1603 pem
310 1502 450 1607 negotii
470 1503 658 1578 Scaurum
676 1499 847 1604 accepit:
873 1501 915 1573 in
928 1528 1147 1577 maxumam
1163 1527 1267 1605 spem
1288 1501 1475 1577 adductus
1492 1525 1599 1579 recu·

193 1625 376 1728 parandae
384 1625 503 1730 pacis,
519 1625 654 1700 statuit
664 1651 756 1700 cum
771 1624 823 1699 eis
835 1624 883 1700 de
898 1624 1076 1700 omnibus
1089 1625 1331 1728 pactionibus
1343 1650 1505 1730 praesens
1515 1654 1599 1730 age-

194 1773 248 1823 re.
275 1751 452 1825 Ceterum
467 1750 611 1826 interea
625 1747 714 1824 fidei
726 1773 855 1822 causm
874 1748 1045 1823 mittitur
1057 1775 1079 1822 a
1093 1747 1256 1824 Consule
1266 1750 1412 1825 Sextius
1425 1751 1600 1847 Quaestor

195 1873 242 1947 in
275 1873 462 1978 oppidum
492 1871 687 1978 Iugurthae
713 1875 900 1948 vaccam:
935 1872 1044 1948 cuius
1083 1872 1137 1946 rei
1159 1872 1299 1976 species
1321 1889 1403 1956 erat
1429 1874 1598 1978 acceptio

193 1995 402 2088 frumenti,
427 1997 533 2101 quod
555 1995 786 2100 Calpurnius
811 1994 940 2098 palam
957 1996 1086 2101 legatis
1105 1997 1379 2100 imperaveratz
1412 1998 1598 2100 quoniam

192 2120 401 2198 deditionis
426 2147 534 2197 mora
566 2119 735 2195 induciae
757 2117 1013 2223 agitabantur.
1065 2120 1189 2225 Igitur
1206 2147 1289 2211 rex,
1313 2121 1373 2196 uti
1393 2122 1598 2199 constitua-

193 2261 274 2336 rat,
299 2245 342 2320 in
364 2261 485 2321 castra
504 2244 634 2338 venit3
658 2269 704 2318 ac
722 2269 845 2347 pauca
877 2244 1053 2347 presenti
1079 2243 1238 2320 consilio
1261 2244 1412 2321 locutus
1430 2246 1478 2322 de
1500 2247 1597 2322 invi-

194 2369 262 2445 dia
283 2368 376 2445 facti
399 2369 459 2444 sui
486 2384 603 2472 atque
628 2367 687 2442 uti
709 2367 750 2441 in
779 2365 1013 2443 deditionem
1043 2369 1297 2472 acciperetur,
1329 2369 1476 2473 reliqua
1505 2399 1597 2450 cum

193 2494 317 2571 Bestia
337 2510 377 2571 et
396 2494 538 2569 Scauro
553 2507 694 2568 secreta
715 2491 913 2597 transigit:
938 2490 1030 2568 dein
1051 2508 1200 2596 postero
1222 2493 1301 2586 die,
1327 2495 1435 2598 quasi
1451 2521 1520 2600 per
1538 2522 1597 2575 sa.

191 2635 324 2694 turam
343 2617 538 2722 exquisitis
556 2615 772 2706 sententiis,
793 2615 837 2690 in
856 2614 1091 2692 deditionem
1118 2617 1315 2722 accipitur.
1355 2617 1427 2695 Sed
1442 2621 1501 2696 uti
1524 2649 1597 2726 pro

193 2743 355 2819 consilio
379 2742 611 2847 imperatum
636 2755 742 2831 erat,
773 2737 1179 2846 elephanti'triginta‘‚
1212 2767 1327 2846 pecus
1348 2753 1473 2848 'atque
1505 2747 1596 2849 equi

176 2866 335 2958 multi,
360 2892 450 2942 cum
469 2891 585 2971 parvo
606 2863 753 2970 argenti
780 2862 951 2967 pondere
972 2865 1160 2963 Quaestori
1179 2865 1395 2942 traduntur.
1432 2868 1597 2976 Calpur-

193 3065 278 3132 laia.
289 3063 321 3126 h.
350 3063 525 3126 αιίιιιίιιὶιίον
544 3065 640 3131 aaa.
660 3063 758 3144 prino
777 3060 863 3126 Fata
882 3063 978 3126 δίων.
1006 3065 1067 3126 ino.
1084 3083 1110 3128 1.
1135 3063 1195 3126 Erl.
1222 3063 1284 3131 Bas.
1297 3063 1326 3136 d.
1346 3064 1415 3126 Tur.
1429 3047 1470 3128 ¹se
1482 3067 1596 3149 elmuid

192 3171 309 3235 Febris.
328 3170 425 3234 Struv.
443 3169 513 3253 Τις.
533 3169 602 3229 Τιιι.
622 3177 774 3250 acceperat
793 3168 939 3229 Commal.
958 3170 1072 3250 aliquot
1082 3167 1200 3244 Wassts,
1219 3178 1274 3229 tres
1285 3169 1382 3230 Guelf.
1409 3169 1522 3238 Fabric.
1543 3172 1595 3236 Ac·

192 3280 291 3340 δίιιιι.
311 3272 420 3357 aaron
437 3277 506 3344 Vin.
523 3295 551 3335 a.
571 3274 682 3356 aceepit
700 3275 797 3334 ceteri.
816 3293 885 3342 cum
896 3273 936 3336 eis
951 3293 1012 3334 om.
1026 3273 1123 3338 Guelf.
1135 3273 1173 3345 4.
1185 3293 1253 3336 cum
1266 3272 1312 3335 hit
1327 3272 1395 3338 Tur.
1410 3273 1512 3337 Vacca
1525 3276 1595 3360 Teg.

195 3383 337 3454 Bas.t.d.
357 3380 427 3446 Tur.
446 3379 532 3440 Bern.
547 3400 573 3438 1.
588 3383 616 3444 ὅ.
639 3377 727 3458 Vaga
746 3377 835 3438 Palat.
854 3377 996 3438 meliores.
1016 3376 1142 3438 Sestias.
1162 3379 1200 3458 Q.
1220 3378 1325 3440 Sextus
1349 3377 1434 3441 Febr.
1450 3401 1478 3441 a.
1498 3381 1596 3450 δίιιιγ.

193 3490 263 3551 δοιι.
277 3509 305 3552 ι.
325 3487 425 3548 liena.
446 3483 545 3546 Guelf.
558 3505 604 3544 ιι.
624 3485 684 3544 inc.
703 3483 799 3544 δίιιιι.
818 3482 923 3543 Frsnc.
943 3480 1081 3562 ίιιιιιιίςίί
1100 3482 1170 3543 Naz.
1196 3484 1228 3544 Β.
1239 3483 1310 3544 Pub.
1330 3483 1392 3545 Bas.
1405 3508 1430 3546 1.
1451 3485 1549 3550 Guelf.
1565 3508 1596 3550 a.

194 3593 315 3656 Iside.
326 3596 347 3657 ί.
360 3613 392 3653 ιι.
412 3591 497 3652 Ram.
513 3611 540 3650 ι.
554 3589 584 3650 5.
604 3586 747 3669 ίιωιιεςίί
761 3588 858 3650 oetan.
877 3596 986 3648 macto
1004 3583 1090 3646 Febr.
1102 3607 1129 3652 a.
1149 3588 1229 3653 vrat.
1241 3609 1268 3649 ι.
1294 3589 1364 3650 Vin.
1376 3611 1403 3651 ι.
1422 3589 1476 3656 dc.
1496 3593 1594 3655 Guelf.

196 3705 227 3766 3.
250 3718 280 3764 ι.
301 3719 342 3764 m.
354 3716 411 3759 sec.
436 3694 574 3776 presenti
590 3695 646 3755 loc.
666 3691 768 3754 count.
793 3692 863 3754 Tor.
883 3690 968 3751 Bam.
987 3712 1013 3752 1.
1033 3682 1177 3769 'suifocti
1202 3693 1287 3755 Rern.
1305 3715 1331 3754 ι.
1359 3694 1483 3757 sutirum
1501 3699 1595 3780 legam
1711 3693 1715 3700 '

182 3804 265 3870 ‚aaa
285 3803 382 3864 Guelf.
395 3825 424 3884 7.
436 3823 467 3883 9.
484 3822 531 3861 10.
547 3821 594 3867 11·
611 3819 660 3861 12.
679 3800 792 3860 Vina.
820 3798 941 3862 Vasta.
954 3799 982 3860 ὃ.
1002 3795 1098 3861 Strav-
1118 3798 1178 3857 inc.
1190 3816 1219 3860 ι.
1243 3797 1328 3860 Rem.
1342 3820 1369 3861 ι.
1388 3801 1492 3864 Frena.
1511 3799 1593 3864 Laid.

187 3914 273 3974 μη.
292 3908 353 3969 Ειί.
382 3905 507 3970 Barna.
537 3904 558 3965 l.
569 3924 593 3965 ι.
617 3902 699 3965 Laid.
712 3900 744 3961 b.
756 3899 789 3961 h.
818 3899 942 3961 somn.
974 3897 1105 3979 impert.
1134 3899 1218 3971 Ram,
1232 3921 1257 3961 ι.
1286 3901 1371 3970 Bam.
1389 3925 1416 3966 ι.
1447 3925 1593 3970 naucum

190 4034 298 4103 pam.
310 4021 401 4077 anta.
416 4031 488 4095 rap.
507 4009 704 4094 Gadium.
719 4027 766 4077 ιι.
785 4005 853 4078 Eas.
872 4005 968 4078 Strui.
989 4006 1093 4078 insert.
1112 4005 1268 4074 vrsach&
1287 4007 1402 4075 Fabrio.
1414 4029 1442 4073 ι.
1461 4009 1546 4076 nam.
1565 4032 1591 4079 ι.

1228 4149 1272 4260 at
