3850 4867
1497 274 1611 398 ω’

142 560 165 607 a
190 532 319 609 ceteris
340 528 530 634 sejuncta,
554 522 800 630 peculiariter
819 522 1014 627 explicita,
1035 522 1078 598 in
1097 546 1223 595 unum
1246 513 1383 626 corpus
1396 519 1549 597 redacta

141 666 259 752 atque
279 649 320 723 in
342 647 517 723 ordinem
534 642 714 747 disposita
738 640 906 731 fuerint,
926 642 1006 745 ipsa
1028 639 1238 716 eruditions
1262 639 1378 715 moles
1395 638 1549 712 latina·

141 792 231 839 rum
247 782 365 867 atque
378 764 601 837 Graecarum
623 758 822 833 literarum
844 757 972 834 studio
994 758 1208 863 plurimum
1227 757 1361 832 damni
1386 754 1550 828 allatura

139 881 199 955 sit
224 884 321 957 Cum
334 906 460 983 nuper
470 878 643 965 demum,
659 876 805 953 Wolfio
823 876 1062 979 potissimum
1080 890 1233 948 auctore
1256 873 1402 947 factum
1424 872 1489 961 sit,
1504 886 1551 945 ut

141 997 255 1071 varioe
267 1013 364 1071 artes
385 1012 501 1097 atque
523 991 750 1095 disciplinae,
767 1018 854 1095 quae
873 989 1125 1065 humanitatis
1142 991 1277 1066 studiis
1300 990 1551 1065 continentur

139 1126 179 1187 et
198 1112 240 1186 in
263 1112 463 1187 academiis
476 1126 515 1185 et
534 1110 576 1183 in
589 1109 791 1213 gymnasiis
803 1109 1007 1211 separatim
1021 1108 1249 1199 doceantur,
1268 1106 1342 1181 hoc
1365 1105 1481 1182 etiam
1500 1102 1551 1178 ad

140 1227 426 1332 componendos
450 1227 758 1315 commentarios,
784 1226 925 1328 quibus
943 1242 1114 1299 auctores
1132 1220 1390 1312 illustrantur,
1408 1222 1551 1311 valere,

140 1370 256 1420 nemo
280 1370 360 1419 non
380 1343 569 1447 intelligit.
598 1344 728 1445 Neque
748 1341 861 1415 latius
885 1342 1142 1445 evagandum,
1167 1368 1292 1445 neque
1308 1330 1432 1415 aliena
1454 1356 1552 1417 trac·

141 1459 261 1535 tanda
279 1476 379 1535 sunt.
418 1461 548 1556 Quare
570 1456 667 1533 mihi
690 1458 848 1561 quidem
874 1456 975 1531 nihil
1004 1457 1121 1532 levius
1144 1483 1220 1531 esse
1240 1456 1407 1547 videtur,
1433 1484 1553 1558 quam
1588 1522 1601 1532 .

50 1564 56 1571 ’
141 1576 304 1651 istorum
324 1575 529 1651 hominum
548 1574 692 1664 studia,
718 1574 784 1676 qui
809 1600 1022 1677 perversam
1047 1573 1328 1647 nonnullorum
1351 1588 1554 1649 consuetu·

140 1692 291 1785 dinem,
317 1710 487 1768 auctores
507 1718 596 1766 cum
623 1690 722 1765 notis
745 1691 939 1765 variorum
958 1690 1110 1780 edendi,
1131 1690 1191 1765 vel
1208 1690 1468 1780 retinuerunt,
1493 1689 1552 1765 vel

142 1809 285 1883 iterum
313 1824 561 1913 susceperunt
584 1821 621 1881 et
651 1806 793 1909 optime
820 1806 868 1881 de
899 1806 1016 1881 literis
1041 1806 1221 1880 meruisse
1247 1804 1319 1879 sibi
1350 1806 1550 1896 videntur,

141 1924 250 2026 quod
267 1924 431 2031 integras
449 1923 623 1998 omnium
639 1923 814 2026 priorum
831 1922 1023 1997 editorum
1040 1922 1381 1997 animadversiones
1394 1922 1554 2027 diligen-

144 2056 204 2114 ter
227 2040 402 2115 collectas
423 2041 563 2115 iterum
579 2038 778 2113 ediderint
815 2040 925 2113 Hanc
943 2039 1049 2113 enim
1068 2038 1181 2113 credo
1202 2036 1458 2112 eruditionem
1481 2065 1553 2140 pu-

143 2170 252 2245 tant,
268 2155 681 2259 variasphilologorum
701 2154 898 2257 opiniones
919 2155 1093 2259 ipsasque
1117 2154 1407 2257 perversissimas
1424 2155 1555 2259 cogni-

143 2287 201 2345 tas
224 2272 428 2359 habere.²·'‘)
470 2271 732 2367 Quamobrem
757 2271 872 2345 etiam
892 2270 1047 2375 juvenes
1066 2273 1289 2362 hortantur,
1316 2288 1361 2345 ut
1373 2274 1454 2348 VV.
1467 2274 1553 2345 DD.

142 2388 434 2463 commentarios
461 2389 595 2492 saepius
626 2388 755 2492 legant
783 2406 898 2490 atque
925 2388 1144 2477 excutiant,
1185 2405 1224 2461 et
1246 2387 1387 2463 rivulos
1425 2388 1553 2500 potius

143 2530 264 2605 quam
289 2503 410 2578 fontes
432 2504 637 2578 consectari
658 2528 718 2578 eos
740 2502 884 2606 jubent.
919 2504 1050 2605 Neque
1070 2530 1131 2578 eos
1149 2520 1292 2594 movet,
1308 2504 1413 2607 quod
1429 2505 1553 2580 multa

143 2645 192 2693 ex
212 2618 286 2693 illis
306 2621 585 2694 commentariis
603 2619 823 2722 compilata,
851 2622 1096 2723 transcripta,
1120 2637 1294 2724 excerpta
1315 2622 1374 2696 vel
1387 2648 1455 2697 suo
1469 2622 1553 2698 loco

143 2734 302 2809 laudata
321 2752 432 2824 sunt,
454 2736 506 2809 ita
521 2752 566 2809 ut
584 2763 664 2810 non
684 2762 806 2839 pauca
827 2762 959 2809 eorum
976 2737 1018 2809 in
1035 2736 1141 2810 libris
1157 2736 1351 2841 legantur,
1379 2739 1447 2841 qui
1461 2766 1555 2843 pue-

143 2851 199 2925 ris
221 2851 351 2956 scripti
374 2868 472 2926 sunt.
510 2852 586 2927 Vix
606 2850 682 2927 hoc
701 2868 944 2955 speraverant
965 2852 1116 2951 antiqui
1139 2853 1198 2926 illi
1223 2852 1428 2959 philologi,
1451 2855 1553 2943 fore,

143 2966 215 3069 qui
236 2966 385 3042 duobus
409 2966 553 3041 saeculis
578 2983 664 3071 post
688 2966 852 3041 studiose
882 2968 1011 3042 omnia
1047 2969 1335 3068 conquirerent,
1371 2996 1457 3071 quae
1482 2972 1553 3075 ipsi

143 3082 278 3156 multis
300 3079 348 3156 de
372 3082 462 3156 locis
486 3084 519 3159 ἐν
543 3074 705 3187 παρέργῳ
741 3078 1175 3159 animadverterant-
1207 3084 1295 3158 Non
1328 3086 1552 3190 negligenda
1582 3152 1593 3169 .

143 3196 305 3299 quidem
324 3198 388 3272 sed
414 3200 455 3272 in
476 3228 589 3277 usum
611 3202 738 3305 potius
765 3199 963 3289 vertenda,
983 3228 1069 3302 quae
1091 3227 1112 3276 a
1131 3202 1322 3305 prioribus
1343 3202 1553 3280 editoribus

144 3314 297 3387 acutius
316 3332 510 3417 perspecta
534 3334 572 3392 et
588 3318 764 3393 subtilius
783 3332 943 3389 tractata
966 3316 1124 3411 fuerint3
1154 3319 1229 3392 imo
1251 3345 1300 3394 ne
1318 3346 1450 3393 eorum
1466 3321 1554 3423 qui-

145 3428 237 3503 dem
260 3428 366 3502 laudi
389 3431 682 3509 obtrectandum
697 3458 771 3508 esse
792 3458 943 3520 censeo,
972 3434 1040 3534 qui
1060 3433 1176 3536 primi
1198 3435 1335 3508 rectius
1359 3436 1465 3512 dere
1483 3436 1553 3513 ali-

144 3570 226 3647 qua
240 3546 457 3637 statuerint,
482 3548 546 3623 sed
567 3547 642 3624 hoc
663 3549 779 3623 etiam
797 3548 1056 3651 reputandum
1076 3566 1150 3639 est,
1177 3578 1263 3652 quae
1285 3551 1439 3627 tandem
1453 3554 1554 3628 anti·

146 3659 306 3763 quitatis
327 3663 545 3738 studiorum
577 3664 746 3739 conditio
767 3663 898 3738 futura
923 3665 979 3741 sit
1026 3670 1244 3770 Augescunt
1271 3666 1313 3741 in
1343 3667 1422 3745 dies
1450 3696 1553 3746 com·

148 3922 176 3998 ⁹)
198 3920 329 3995 Quintil.
347 3930 420 3990 lust.
435 3926 551 3986 Orator.
570 3930 594 3991 1.
607 3949 644 4007 9,
667 3926 712 3987 ιθ.
730 3926 867 4006 persequi
886 3924 1007 4004 quidem
1028 3926 1108 4007 qnod
1126 3931 1251 4011 quisque
1268 3952 1402 4014 unquam
1417 3938 1463 3996 vel
1476 3957 1551 3997 con·

77 4048 99 4081 ·,
133 4088 145 4114 ,
233 4022 475 4081 temtissimorum
492 4020 650 4082 hominum
667 4022 788 4096 dixerit,
808 4034 859 4082 aut
877 4024 977 4081 nimia
994 4026 1129 4099 miseria,
1151 4038 1203 4085 aut
1218 4028 1316 4088 inanis
1332 4034 1479 4108 jactantiae
1496 4043 1552 4109 est,

232 4126 262 4177 et
279 4117 392 4177 detinet
409 4131 498 4197 atque
518 4118 618 4177 obruit
632 4122 768 4199 ingenia,
790 4120 895 4177 melius
917 4119 983 4175 aliis
1000 4132 1135 4180 vacatura
1157 4164 1166 4182 .
1188 4165 1197 4183 .
1219 4172 1228 4191 .
1250 4166 1258 4185 .
1278 4124 1370 4208 Atqui
1383 4131 1466 4209 pleni
1479 4140 1550 4191 suut

200 4242 202 4249 ·
234 4211 379 4289 ejusmodi
402 4214 623 4293 impedimentis
641 4217 900 4295 grammaticorum
918 4219 1124 4279 commentarii
1144 4230 1202 4280 eto.
