3850 4867
398 306 468 396 148

349 477 499 558 ⁶⁰dare.
547 483 693 562 Eodem
711 499 881 589 tempore
901 482 1009 587 apud
1034 483 1194 560 Zamam
1218 507 1355 588 magno
1375 478 1414 557 vi
1439 473 1664 556 certabatur.
1711 467 1784 544 Ubi

397 605 559 710 quisque
583 608 727 714 legatus
756 624 825 684 aut
853 606 1032 682 tribunus
1058 607 1243 697 curabat,
1260 631 1305 681 eo
1333 627 1528 682 aoermme
1553 598 1644 692 niti3
1667 618 1787 697 neque

397 728 496 807 alius
512 732 554 806 in
572 731 649 807 alio
667 731 785 837 magis
809 755 928 832 quam
952 729 995 804 in
1026 753 1102 806 sese
1124 755 1230 834 spem
1250 726 1418 806 habere:
1442 725 1659 830 pariterque
1685 714 1789 822 oppi-

396 853 490 930 dani
512 881 638 960 agere,
665 879 887 959 oppugnare
905 869 976 928 aut
996 879 1131 958 parare
1153 849 1331 930 omuibus
1357 849 1448 928 locis
1469 835 1656 924 :avidius
1683 840 1789 918 alteri

397 977 535 1052 alteros
556 977 726 1054 sauciare
740 1004 858 1080 quam
878 991 995 1052 semet
1017 993 1156 1082 tegere3
1180 975 1326 1052 clamor
1337 973 1544 1080 permixtus
1558 967 1790 1054 hortatione,

397 1099 551 1192 laetitia,
581 1101 754 1207 gemitu:
780 1101 873 1176 item
902 1099 1081 1203 strepitus
1106 1125 1303 1176 armorum
1327 1099 1377 1175 nd
1402 1097 1545 1176 coelum
1568 1092 1688 1168 ferri:
1718 1089 1790 1164 tela
1887 1155 1888 1178 r

398 1225 594 1327 utrimque
619 1224 753 1299 volare
803 1223 875 1298 Sed
905 1223 986 1312 illi,
1012 1223 1081 1326 qui
1113 1224 1256 1300 moenia
1284 1222 1551 1310 defensabant,
1574 1216 1644 1292 ubi
1672 1214 1793 1290 hostes

396 1349 573 1452 paullum
592 1348 706 1424 modo
721 1375 890 1452 pugnam
909 1347 1148 1438 remiserant,
1175 1347 1314 1423 intenti
1332 1345 1508 1452 praelium
1523 1357 1694 1446 equestre
1736 1364 1793 1412 ro·

396 1471 619 1574 spectabant
631 1503 643 1564 3
665 1496 746 1559 eos,
777 1472 835 1546 uti
870 1495 1035 1573 quaeque
1067 1468 1262 1576 Iugurthae
1290 1495 1347 1546 res
1373 1483 1505 1559 erant,
1531 1467 1634 1542 laetos
1662 1367 1793 1550 mdiu,

396 1593 511 1669 modo
527 1593 692 1696 pavidos
719 1592 1062 1669 animadverteres:
1084 1619 1148 1682 ao,
1173 1591 1287 1669 sicuti
1313 1591 1440 1667 audiri
1459 1620 1480 1666 a
1499 1591 1576 1668 suis
1597 1605 1667 1665 aut
1689 1585 1792 1664 oerni
1888 1621 1889 1636 ¹

397 1733 569 1820 possent,
590 1743 746 1792 monere
766 1716 853 1808 alii,
871 1715 938 1791 alii
961 1713 1125 1806 hortari,
1146 1731 1216 1790 aut
1242 1741 1364 1790 manu
1383 1713 1611 1820 significare,
1630 1728 1702 1789 aut
1722 1709 1793 1788 niti

397 1840 638 1944 corporibus,
661 1856 701 1916 et
720 1867 763 1916 ea
782 1838 861 1915 hue
883 1855 922 1915 et
943 1838 1040 1914 illuc
1064 1839 1173 1942 quasi
1198 1837 1400 1914 vitabundi
1423 1854 1492 1914 aut
1515 1838 1692 1916 iacientes
1723 1834 1793 1912 tela

398 1963 548 2068 agitare.
599 1962 717 2062 Quod
735 1961 805 2039 ubi
827 1961 951 2038 Mario
966 1963 1163 2068 cognitum
1180 1977 1258 2053 est,
1286 1961 1406 2061 (nam
1419 1959 1515 2045 isin
1540 1988 1583 2038 ea
1596 1968 1715 2066 'parte
1732 1987 1794 2036 ou·

398 2088 531 2186 rabat)
556 2086 731 2163 consulto
766 2085 890 2162 lenius
918 2111 1027 2190 agere
1046 2111 1093 2160 ac
1117 2085 1370 2162 diffidentiam
1395 2085 1450 2162 rei
1472 2084 1652 2163 simulare
1677 2119 1686 2160 :
1716 2081 1793 2190 pati
1889 2081 1890 2122 ³

397 2210 580 2287 Numidas
597 2211 680 2286 sine
702 2209 874 2285 tumultu
895 2208 992 2314 regis
1014 2209 1193 2314 prelium
1207 2209 1333 2286 visere
1379 2213 1444 2286 Ita'
1462 2208 1537 2288 illis
1561 2209 1688 2288 studio
1712 2234 1795 2286 suo-

398 2359 487 2411 rum
500 2334 705 2423 adstrictis,
727 2347 1039 2437 repentemagna
1051 2331 1267 2432 viminum
1294 2333 1543 2440 adgreditur:
1567 2351 1606 2412 et
1623 2333 1704 2413 iam
1719 2360 1793 2410 sca·

398 2458 446 2534 lis
465 2459 598 2564 egressi
623 2456 763 2532 milites
780 2481 900 2562 prope
920 2481 1070 2532 summa
1086 2474 1283 2561 ceperant,
1299 2484 1421 2563 quum
1434 2459 1619 2565 oppidani
1636 2485 1794 2538 concur·
1890 2495 1891 2534 i

483 2660 556 2741 Cap.
572 2663 621 2722 oo.
641 2681 733 2741 nequo
748 2659 823 2722 alius
837 2661 898 2722 olio
913 2655 1009 2741 magu
1027 2659 1125 2722 Guelf.
1141 2681 1168 2723 a.
1188 2663 1254 2728 Son.
1268 2683 1296 2724 a.
1316 2663 1417 2726 Horu.
1433 2665 1601 2746 puriorque
1613 2687 1678 2748 opp.
1698 2663 1760 2726 Bau
1770 2685 1792 2723 r.

277 2827 281 2836 ,
342 2759 347 2768 ’
399 2767 429 2839 Α.
449 2763 572 2829 Havete.
590 2766 816 2828 adsentientibus
834 2766 915 2827 leid.
936 2766 1006 2827 Tur.
1027 2787 1116 2846 qrtom
1127 2767 1162 2828 in
1175 2787 1205 2827 ro
1222 2767 1307 2828 Febr.
1326 2767 1395 2830 vin.
1415 2789 1441 2829 r.
1469 2769 1536 2832 Eoo.
1555 2771 1636 2832 Vrot.
1650 2792 1675 2831 t.
1695 2773 1755 2832 ino.
1768 2789 1793 2828 2.

399 2871 497 2932 Guolt.
510 2894 536 2931 1.
560 2889 648 2952 ogero
663 2891 798 2952 pugnare
817 2871 879 2932 Bar.
890 2871 920 2944 d.
944 2891 1135 2954 propugnare
1158 2873 1243 2932 Bem·
1261 2894 1287 2931 ι.
1304 2872 1508 2936 adunatione
1526 2875 1621 2939 snuv.
1649 2877 1710 2937 ine.
1729 2875 1792 2935 Ecc.

398 2975 498 3038 Guelf.
510 2978 538 3048 4.
555 2998 600 3037 ιι.
620 2977 705 3037 Bern.
720 2999 746 3036 t.
766 2977 887 3042 Leidn.
905 2978 1069 3056 umetrproa
1087 2975 1173 3042 Febr.
1193 2975 1282 3040 ltivii.
1300 2977 1421 3057 strepitu
1438 2998 1516 3039 unu.
1535 2978 1598 3039 Bas.
1609 2979 1639 3052 4.
1662 2982 1793 3061 perillum

398 3084 488 3144 modo
506 3081 591 3142 Febr.
611 3081 673 3142 Bas.
688 3104 713 3142 ι.
722 3081 752 3154 4.
770 3082 866 3144 Struv.
885 3081 954 3142 Vin.
969 3101 995 3141 r.
1014 3082 1097 3144 loid-
1108 3102 1135 3146 o.
1145 3084 1167 3145 1.
1178 3101 1219 3141 m.
1238 3080 1307 3140 Tur.
1326 3101 1382 3164 pro
1396 3083 1475 3144 varin
1491 3083 1626 3145 lectione.
1644 3085 1792 3165 paulum

398 3190 498 3249 ueteri.
514 3207 616 3266 eosque
626 3186 792 3265 uticumque
801 3185 955 3267 Iugurthae
973 3207 1018 3248 rer
1033 3195 1119 3248 eram
1138 3184 1252 3246 Fabrio.
1265 3206 1290 3246 1.
1311 3206 1416 3248 msto.
1437 3197 1465 3247 et
1479 3207 1515 3248 eo
1530 3189 1590 3250 buo
1604 3198 1631 3250 et
1646 3190 1717 3252 illue
1735 3190 1792 3252 Bas.

402 3315 428 3354 r.
441 3294 470 3364 4.
491 3295 550 3354 ine.
571 3292 622 3354 Ao.
640 3291 709 3352 Seu.
729 3292 798 3352 Vin.
818 3289 1006 3350 Heuu.'1'ur.
1026 3289 1111 3350 Rern.
1124 3311 1149 3350 t.
1168 3289 1248 3352 Vrat.
1264 3312 1288 3349 ι.
1301 3291 1329 3356 5.
1350 3289 1453 3352 Franc-
1471 3291 1538 3354 Eoo.
1558 3292 1657 3354 Guelf.
1670 3316 1695 3356 t.
1708 3315 1735 3356 a.
1749 3315 1791 3360 ra.
1820 3281 1823 3288 ¹

398 3395 478 3456 leid.
489 3397 519 3454 d.
534 3417 563 3478 g.
573 3394 606 3456 b.
620 3399 640 3456 i.
650 3396 678 3456 ir.
688 3400 710 3456 1.
729 3397 769 3456 ita
785 3396 872 3456 etiam
887 3415 991 3455 omues
999 3398 1060 3457 Pal.
1078 3394 1244 3475 sigm‘ſsoare
1254 3394 1312 3454 niti
1323 3395 1421 3466 ΒΜ.
1441 3395 1563 3458 Bern.1.
1584 3408 1613 3458 et
1623 3399 1790 3460 dimetibor

399 3499 496 3564 euers.
509 3501 537 3560 3.
550 3501 578 3572 A.
591 3522 649 3582 ro,
659 3499 740 3560 Leid.
750 3500 773 3559 f.
792 3509 819 3558 et
835 3499 895 3559 hue
908 3498 1033 3578 illucque
1051 3499 1135 3560 Rem.
1150 3519 1177 3560 a.
1197 3508 1225 3559 et
1235 3519 1269 3559 ro
1281 3499 1340 3560 bue
1353 3499 1477 3578 illucque
1495 3501 1577 3562 Laid.
1591 3526 1618 3572 e.
1644 3515 1673 3564 et
1684 3507 1742 3566 luto
1754 3505 1789 3563 il·

398 3605 448 3666 lue
465 3605 566 3669 Strur,
583 3627 627 3672 m,
634 3626 680 3688 pr.
701 3615 729 3665 et
743 3625 778 3664 ro
795 3603 858 3666 buo·
871 3603 942 3664 illue
961 3603 1067 3685 Regius
1078 3603 1191 3666 Wassii.
1211 3603 1378 3683 cognitum
1399 3624 1471 3664 nom
1490 3605 1593 3680 Baua.
1617 3609 1711 3672 tentiis
1728 3608 1789 3692 ogi·

398 3719 464 3770 toro
482 3709 549 3770 Eoo.
569 3709 704 3776 Guelid.
725 3712 785 3774 ino.
805 3709 886 3774 Letd.
899 3707 931 3767 h.
943 3709 964 3769 i.
993 3708 1079 3768 scult's
1089 3707 1223 3788 adgressi
1246 3710 1286 3768 ita
1300 3699 1386 3769 Grut.
1416 3709 1545 3771 exPalat.
1565 3713 1661 3774 Senot.
1676 3737 1704 3776 r.
1733 3717 1786 3776 ino.

400 3833 429 3877 a·
450 3811 546 3876 Guali.
560 3834 586 3873 ι.
607 3813 671 3872 Bar.
686 3815 715 3885 4.
735 3817 833 3894 plures
842 3811 924 3874 Laid.
944 3813 1036 3874 Mari.
1050 3825 1084 3877 Λ.
1096 3827 1125 3878 Γ.
1147 3813 1244 3873 Pemb.
1272 3813 1357 3873 bern.
1375 3835 1400 3873 r.
1427 3815 1534 3895 egressi
1559 3817 1679 3880 brido.
1692 3817 1786 3906 s.g.b.

398 3941 440 3978 m.
462 3938 567 3980 m-sec.
587 3916 619 3975 t.
630 3917 702 3982 Pub.
721 3917 817 3983 Turio.
839 3937 940 3978 omnes
954 3915 1109 3980 sere'Cort.
1131 3917 1193 3978 Bas.
1208 3939 1234 3977 r.
1256 3917 1420 3980 Bem.1.3.
1444 3921 1569 4000 ingressi
1582 3923 1663 3984 teid.
1676 3948 1702 3992 e,
1734 3925 1786 3986 uto

390 4005 546 4102 'ingerunt
566 4021 626 4081 telo
645 4042 705 4082 om.
719 4021 843 4082 Leidd.
863 4021 985 4088 Martin,
1001 4022 1189 4084 comminutos
1211 4033 1278 4084 sunt
1303 4023 1382 4085 leid.
1397 4025 1426 4084 d.
1438 4025 1531 4087 tbi.
1545 4049 1586 4088 m.
1606 4029 1706 4102 ΒΜ.
1731 4029 1784 4090 od·

384 4127 474 4207 flieti
486 4136 563 4188 sunt.
583 4135 656 4188 tunt
670 4148 730 4187 om.
740 4125 821 4186 hid.
833 4125 965 4199 orbem.
977 4131 1011 4192 3..
1026 4126 1155 4206 adflictis
1169 4127 1256 4186 Palat.
1274 4149 1300 4186 ι.
1313 4149 1340 4189 n.
1361 4139 1424 4190 tum
1434 4152 1498 4214 opp,
1520 4132 1589 4193 Tur.
1608 4135 1704 4198 strue.
1722 4135 1783 4196 Sin.

399 4255 426 4297 ι.
452 4253 508 4313 quo
522 4232 639 4313 quisque
659 4232 755 4298 nudo.
773 4227 842 4295 Vm.
856 4249 884 4291 n.
912 4231 959 4292 ita.
971 4229 1122 4294 Pnttchius
1137 4251 1176 4292 ox
1188 4233 1330 4316 maerptis,
1348 4233 1468 4300 travam.
1496 4257 1609 4317 quoquo
1621 4241 1711 4302 orado
1729 4239 1780 4301 Fa·
