<?xml version="1.0" encoding="UTF-8"?>
<!DOCTYPE html PUBLIC "-//W3C//DTD XHTML 1.0 Transitional//EN"
    "http://www.w3.org/TR/xhtml1/DTD/xhtml1-transitional.dtd">
<html xmlns="http://www.w3.org/1999/xhtml" xml:lang="en" lang="en">
 <head>
  <title>
</title>
<meta http-equiv="Content-Type" content="text/html;charset=utf-8" />
  <meta name='ocr-system' content='tesseract 3.04.00' />
  <meta name='ocr-capabilities' content='ocr_page ocr_carea ocr_par ocr_line ocrx_word'/>
</head>
<body>
  <div class='ocr_page' id='page_1' title='image "./salustiiquaeexs01sallgoog_0091.png"; bbox 0 0 3850 4867; ppageno 0'>
   <div class='ocr_carea' id='block_1_1' title="bbox 1490 318 1538 405">
    <p class='ocr_par' dir='ltr' id='par_1_1' title="bbox 1490 318 1538 405">
     <span class='ocr_line' id='line_1_1' title="bbox 1490 318 1538 405; baseline 0 0"><span class='ocrx_word' id='word_1_1' title='bbox 1490 318 1538 405; x_wconf 75' lang='lat'>55</span> 
     </span>
    </p>
   </div>
   <div class='ocr_carea' id='block_1_2' title="bbox 134 529 1637 4329">
    <p class='ocr_par' dir='ltr' id='par_1_2' title="bbox 136 529 1549 987">
     <span class='ocr_line' id='line_1_2' title="bbox 138 529 1549 641; baseline -0.007 -30"><span class='ocrx_word' id='word_1_2' title='bbox 138 562 227 611; x_wconf 89' lang='lat' dir='ltr'>rum</span> <span class='ocrx_word' id='word_1_3' title='bbox 242 562 380 639; x_wconf 86' lang='lat' dir='ltr'>magna</span> <span class='ocrx_word' id='word_1_4' title='bbox 400 562 489 611; x_wconf 92' lang='lat' dir='ltr'>cum</span> <span class='ocrx_word' id='word_1_5' title='bbox 512 533 709 641; x_wconf 82' lang='lat' dir='ltr'>diligentia</span> <span class='ocrx_word' id='word_1_6' title='bbox 735 529 919 620; x_wconf 83' lang='lat' dir='ltr'>conlecti,</span> <span class='ocrx_word' id='word_1_7' title='bbox 945 530 1086 632; x_wconf 89' lang='lat' dir='ltr'>quibus</span> <span class='ocrx_word' id='word_1_8' title='bbox 1105 556 1149 604; x_wconf 90' lang='lat' dir='ltr'>ea</span> <span class='ocrx_word' id='word_1_9' title='bbox 1175 529 1437 617; x_wconf 81' lang='lat' dir='ltr'>illustrantur,</span> <span class='ocrx_word' id='word_1_10' title='bbox 1462 550 1549 629; x_wconf 85' lang='lat' dir='ltr'>quoe</span> 
     </span>
     <span class='ocr_line' id='line_1_3' title="bbox 137 644 1546 752; baseline -0.008 -25"><span class='ocrx_word' id='word_1_11' title='bbox 137 651 181 727; x_wconf 91' lang='lat' dir='ltr'>in</span> <span class='ocrx_word' id='word_1_12' title='bbox 208 652 528 727; x_wconf 81' lang='lat' dir='ltr'>commentatione</span> <span class='ocrx_word' id='word_1_13' title='bbox 555 652 603 726; x_wconf 90' lang='lat' dir='ltr'>de</span> <span class='ocrx_word' id='word_1_14' title='bbox 633 650 864 752; x_wconf 88' lang='lat' dir='ltr'>scriptorum</span> <span class='ocrx_word' id='word_1_15' title='bbox 890 648 1062 721; x_wconf 88' lang='lat' dir='ltr'>oratione</span> <span class='ocrx_word' id='word_1_16' title='bbox 1095 646 1260 747; x_wconf 81' lang='lat' dir='ltr'>exposita</span> <span class='ocrx_word' id='word_1_17' title='bbox 1285 661 1394 737; x_wconf 82' lang='lat' dir='ltr'>sunt3</span> <span class='ocrx_word' id='word_1_18' title='bbox 1426 644 1479 717; x_wconf 88' lang='lat' dir='ltr'>ita</span> <span class='ocrx_word' id='word_1_19' title='bbox 1499 657 1546 717; x_wconf 93' lang='lat' dir='ltr'>ut</span> 
     </span>
     <span class='ocr_line' id='line_1_4' title="bbox 137 758 1547 869; baseline -0.004 -30"><span class='ocrx_word' id='word_1_20' title='bbox 137 792 267 841; x_wconf 91' lang='lat' dir='ltr'>omnes</span> <span class='ocrx_word' id='word_1_21' title='bbox 296 793 403 841; x_wconf 80' lang='lat' dir='ltr'>voces</span> <span class='ocrx_word' id='word_1_22' title='bbox 429 785 545 869; x_wconf 89' lang='lat' dir='ltr'>atque</span> <span class='ocrx_word' id='word_1_23' title='bbox 566 767 748 842; x_wconf 88' lang='lat' dir='ltr'>dictiones</span> <span class='ocrx_word' id='word_1_24' title='bbox 768 764 961 867; x_wconf 83' lang='lat' dir='ltr'>scriptori,</span> <span class='ocrx_word' id='word_1_25' title='bbox 985 790 1100 865; x_wconf 89' lang='lat' dir='ltr'>quem</span> <span class='ocrx_word' id='word_1_26' title='bbox 1124 778 1285 853; x_wconf 90' lang='lat' dir='ltr'>tractas,</span> <span class='ocrx_word' id='word_1_27' title='bbox 1310 760 1483 865; x_wconf 90' lang='lat' dir='ltr'>proprias</span> <span class='ocrx_word' id='word_1_28' title='bbox 1504 758 1547 833; x_wconf 88' lang='lat' dir='ltr'>in</span> 
     </span>
     <span class='ocr_line' id='line_1_5' title="bbox 136 880 841 987; baseline -0.001 -34"><span class='ocrx_word' id='word_1_29' title='bbox 136 880 265 956; x_wconf 91' lang='lat' dir='ltr'>indice</span> <span class='ocrx_word' id='word_1_30' title='bbox 286 898 461 956; x_wconf 89' lang='lat' dir='ltr'>accurate</span> <span class='ocrx_word' id='word_1_31' title='bbox 484 882 640 987; x_wconf 89' lang='lat' dir='ltr'>digestas</span> <span class='ocrx_word' id='word_1_32' title='bbox 662 881 841 955; x_wconf 87' lang='lat' dir='ltr'>invenias.</span> 
     </span>
    </p>

    <p class='ocr_par' dir='ltr' id='par_1_3' title="bbox 134 992 1637 4329">
     <span class='ocr_line' id='line_1_6' title="bbox 238 992 1549 1099; baseline -0.002 -29"><span class='ocrx_word' id='word_1_33' title='bbox 238 996 538 1071; x_wconf 88' lang='lat' dir='ltr'>Grammaticam</span> <span class='ocrx_word' id='word_1_34' title='bbox 567 996 920 1099; x_wconf 84' lang='lat' dir='ltr'>interpretationem</span> <span class='ocrx_word' id='word_1_35' title='bbox 952 992 1132 1067; x_wconf 84' lang='lat' dir='ltr'>historica</span> <span class='ocrx_word' id='word_1_36' title='bbox 1162 994 1345 1095; x_wconf 89' lang='lat' dir='ltr'>sequitur.</span> <span class='ocrx_word' id='word_1_37' title='bbox 1390 994 1446 1065; x_wconf 88' lang='lat' dir='ltr'>Ea</span> <span class='ocrx_word' id='word_1_38' title='bbox 1468 1016 1549 1067; x_wconf 85' lang='lat' dir='ltr'>non</span> 
     </span>
     <span class='ocr_line' id='line_1_7' title="bbox 134 1107 1549 1214; baseline -0.004 -29"><span class='ocrx_word' id='word_1_39' title='bbox 134 1110 261 1185; x_wconf 89' lang='lat' dir='ltr'>solum</span> <span class='ocrx_word' id='word_1_40' title='bbox 281 1113 330 1186; x_wconf 91' lang='lat' dir='ltr'>ad</span> <span class='ocrx_word' id='word_1_41' title='bbox 350 1111 565 1202; x_wconf 85' lang='lat' dir='ltr'>historiam,</span> <span class='ocrx_word' id='word_1_42' title='bbox 591 1138 675 1213; x_wconf 85' lang='lat' dir='ltr'>quoe</span> <span class='ocrx_word' id='word_1_43' title='bbox 694 1111 848 1214; x_wconf 89' lang='lat' dir='ltr'>proprie</span> <span class='ocrx_word' id='word_1_44' title='bbox 870 1111 1030 1198; x_wconf 89' lang='lat' dir='ltr'>dicitur,</span> <span class='ocrx_word' id='word_1_45' title='bbox 1044 1109 1240 1184; x_wconf 72' lang='lat' dir='ltr'>referenda</span> <span class='ocrx_word' id='word_1_46' title='bbox 1262 1107 1416 1196; x_wconf 51' lang='lat' dir='ltr'>erased</span> <span class='ocrx_word' id='word_1_47' title='bbox 1434 1107 1549 1181; x_wconf 90' lang='lat' dir='ltr'>etiam</span> 
     </span>
     <span class='ocr_line' id='line_1_8' title="bbox 135 1223 1549 1329; baseline -0.003 -29"><span class='ocrx_word' id='word_1_48' title='bbox 135 1228 188 1301; x_wconf 93' lang='lat' dir='ltr'>ad</span> <span class='ocrx_word' id='word_1_49' title='bbox 208 1226 428 1301; x_wconf 84' lang='lat' dir='ltr'>fabularum</span> <span class='ocrx_word' id='word_1_50' title='bbox 440 1229 721 1301; x_wconf 90' lang='lat' dir='ltr'>enarrationem</span> <span class='ocrx_word' id='word_1_51' title='bbox 748 1224 1068 1329; x_wconf 88' lang='lat' dir='ltr'>(mythologiam)</span> <span class='ocrx_word' id='word_1_52' title='bbox 1089 1242 1270 1327; x_wconf 87' lang='lat' dir='ltr'>praeterea</span> <span class='ocrx_word' id='word_1_53' title='bbox 1291 1223 1339 1296; x_wconf 88' lang='lat' dir='ltr'>ad</span> <span class='ocrx_word' id='word_1_54' title='bbox 1360 1223 1454 1326; x_wconf 84' lang='lat' dir='ltr'>juris</span> <span class='ocrx_word' id='word_1_55' title='bbox 1477 1248 1549 1326; x_wconf 92' lang='lat' dir='ltr'>pu-</span> 
     </span>
     <span class='ocr_line' id='line_1_9' title="bbox 135 1339 1550 1447; baseline -0.001 -33"><span class='ocrx_word' id='word_1_56' title='bbox 135 1341 229 1415; x_wconf 92' lang='lat' dir='ltr'>blici</span> <span class='ocrx_word' id='word_1_57' title='bbox 252 1343 467 1443; x_wconf 85' lang='lat' dir='ltr'>privatique</span> <span class='ocrx_word' id='word_1_58' title='bbox 490 1342 586 1447; x_wconf 83' lang='lat' dir='ltr'>leges</span> <span class='ocrx_word' id='word_1_59' title='bbox 613 1359 651 1416; x_wconf 89' lang='lat' dir='ltr'>et</span> <span class='ocrx_word' id='word_1_60' title='bbox 674 1342 871 1429; x_wconf 89' lang='lat' dir='ltr'>instituta,</span> <span class='ocrx_word' id='word_1_61' title='bbox 904 1342 958 1415; x_wconf 90' lang='lat' dir='ltr'>rei</span> <span class='ocrx_word' id='word_1_62' title='bbox 984 1339 1160 1413; x_wconf 84' lang='lat' dir='ltr'>militaris</span> <span class='ocrx_word' id='word_1_63' title='bbox 1190 1340 1393 1427; x_wconf 90' lang='lat' dir='ltr'>rationem,</span> <span class='ocrx_word' id='word_1_64' title='bbox 1419 1364 1550 1415; x_wconf 86' lang='lat' dir='ltr'>rerum</span> 
     </span>
     <span class='ocr_line' id='line_1_10' title="bbox 135 1454 1548 1559; baseline -0.001 -30"><span class='ocrx_word' id='word_1_65' title='bbox 135 1456 381 1559; x_wconf 88' lang='lat' dir='ltr'>publicarum</span> <span class='ocrx_word' id='word_1_66' title='bbox 401 1458 563 1532; x_wconf 84' lang='lat' dir='ltr'>formam</span> <span class='ocrx_word' id='word_1_67' title='bbox 585 1474 799 1557; x_wconf 87' lang='lat' dir='ltr'>ceterasque</span> <span class='ocrx_word' id='word_1_68' title='bbox 821 1472 917 1531; x_wconf 85' lang='lat' dir='ltr'>artes</span> <span class='ocrx_word' id='word_1_69' title='bbox 949 1457 1138 1559; x_wconf 86' lang='lat' dir='ltr'>pertinet,</span> <span class='ocrx_word' id='word_1_70' title='bbox 1162 1480 1248 1556; x_wconf 90' lang='lat' dir='ltr'>quae</span> <span class='ocrx_word' id='word_1_71' title='bbox 1266 1482 1288 1528; x_wconf 92' lang='lat' dir='ltr'>a</span> <span class='ocrx_word' id='word_1_72' title='bbox 1313 1454 1455 1528; x_wconf 84' lang='lat' dir='ltr'>Graecis</span> <span class='ocrx_word' id='word_1_73' title='bbox 1474 1456 1548 1527; x_wconf 85' lang='lat' dir='ltr'>Ro·</span> 
     </span>
     <span class='ocr_line' id='line_1_11' title="bbox 134 1571 1552 1675; baseline -0.001 -30"><span class='ocrx_word' id='word_1_74' title='bbox 134 1573 335 1675; x_wconf 88' lang='lat' dir='ltr'>manisque</span> <span class='ocrx_word' id='word_1_75' title='bbox 353 1574 589 1647; x_wconf 86' lang='lat' dir='ltr'>colebantur.</span> <span class='ocrx_word' id='word_1_76' title='bbox 625 1575 766 1646; x_wconf 87' lang='lat' dir='ltr'>Totum</span> <span class='ocrx_word' id='word_1_77' title='bbox 786 1571 1219 1675; x_wconf 75' lang='lat' dir='ltr'>igitur‘antiquitatum,</span> <span class='ocrx_word' id='word_1_78' title='bbox 1245 1596 1332 1671; x_wconf 72' lang='lat' dir='ltr'>quae</span> <span class='ocrx_word' id='word_1_79' title='bbox 1353 1571 1552 1661; x_wconf 90' lang='lat' dir='ltr'>dicuntur,</span> 
     </span>
     <span class='ocr_line' id='line_1_12' title="bbox 135 1686 1549 1791; baseline -0.001 -29"><span class='ocrx_word' id='word_1_80' title='bbox 135 1688 268 1762; x_wconf 90' lang='lat' dir='ltr'>orbem</span> <span class='ocrx_word' id='word_1_81' title='bbox 282 1688 555 1791; x_wconf 89' lang='lat' dir='ltr'>complectitur.</span> <span class='ocrx_word' id='word_1_82' title='bbox 591 1687 688 1784; x_wconf 74' lang='lat' dir='ltr'>Quae</span> <span class='ocrx_word' id='word_1_83' title='bbox 707 1714 796 1760; x_wconf 92' lang='lat' dir='ltr'>cum</span> <span class='ocrx_word' id='word_1_84' title='bbox 818 1703 856 1760; x_wconf 94' lang='lat' dir='ltr'>et</span> <span class='ocrx_word' id='word_1_85' title='bbox 877 1687 970 1759; x_wconf 91' lang='lat' dir='ltr'>alias</span> <span class='ocrx_word' id='word_1_86' title='bbox 993 1714 1014 1759; x_wconf 88' lang='lat' dir='ltr'>a</span> <span class='ocrx_word' id='word_1_87' title='bbox 1035 1686 1238 1790; x_wconf 91' lang='lat' dir='ltr'>philologis</span> <span class='ocrx_word' id='word_1_88' title='bbox 1258 1686 1446 1759; x_wconf 91' lang='lat' dir='ltr'>illustrata</span> <span class='ocrx_word' id='word_1_89' title='bbox 1466 1686 1549 1761; x_wconf 84' lang='lat' dir='ltr'>fue-</span> 
     </span>
     <span class='ocr_line' id='line_1_13' title="bbox 135 1800 1559 1905; baseline 0.002 -30"><span class='ocrx_word' id='word_1_90' title='bbox 135 1802 235 1891; x_wconf 92' lang='lat' dir='ltr'>rint,</span> <span class='ocrx_word' id='word_1_91' title='bbox 263 1819 346 1877; x_wconf 89' lang='lat' dir='ltr'>tum</span> <span class='ocrx_word' id='word_1_92' title='bbox 366 1802 440 1878; x_wconf 90' lang='lat' dir='ltr'>hoc</span> <span class='ocrx_word' id='word_1_93' title='bbox 461 1820 629 1905; x_wconf 91' lang='lat' dir='ltr'>tempore</span> <span class='ocrx_word' id='word_1_94' title='bbox 657 1802 832 1903; x_wconf 85' lang='lat' dir='ltr'>inprimis</span> <span class='ocrx_word' id='word_1_95' title='bbox 852 1800 911 1875; x_wconf 90' lang='lat' dir='ltr'>his</span> <span class='ocrx_word' id='word_1_96' title='bbox 938 1802 1074 1876; x_wconf 89' lang='lat' dir='ltr'>studiis</span> <span class='ocrx_word' id='word_1_97' title='bbox 1097 1829 1250 1905; x_wconf 88' lang='lat' dir='ltr'>operam</span> <span class='ocrx_word' id='word_1_98' title='bbox 1272 1829 1411 1876; x_wconf 85' lang='lat' dir='ltr'>navare</span> <span class='ocrx_word' id='word_1_99' title='bbox 1430 1802 1559 1890; x_wconf 81' lang='lat' dir='ltr'>decet,-</span> 
     </span>
     <span class='ocr_line' id='line_1_14' title="bbox 136 1916 1548 2021; baseline -0.001 -30"><span class='ocrx_word' id='word_1_100' title='bbox 136 1918 321 2013; x_wconf 85' lang='lat' dir='ltr'>Quamvis</span> <span class='ocrx_word' id='word_1_101' title='bbox 340 1919 444 1993; x_wconf 91' lang='lat' dir='ltr'>enim</span> <span class='ocrx_word' id='word_1_102' title='bbox 465 1944 595 1992; x_wconf 87' lang='lat' dir='ltr'>omnes</span> <span class='ocrx_word' id='word_1_103' title='bbox 616 1918 727 1992; x_wconf 86' lang='lat' dir='ltr'>officii</span> <span class='ocrx_word' id='word_1_104' title='bbox 745 1932 868 2021; x_wconf 88' lang='lat' dir='ltr'>partes</span> <span class='ocrx_word' id='word_1_105' title='bbox 888 1916 1161 2020; x_wconf 85' lang='lat' dir='ltr'>interpretibus</span> <span class='ocrx_word' id='word_1_106' title='bbox 1173 1917 1438 2020; x_wconf 74' lang='lat' dir='ltr'>suscipiendae,</span> <span class='ocrx_word' id='word_1_107' title='bbox 1455 1934 1494 1992; x_wconf 91' lang='lat' dir='ltr'>et</span> <span class='ocrx_word' id='word_1_108' title='bbox 1515 1916 1548 1993; x_wconf 90' lang='lat' dir='ltr'>si</span> 
     </span>
     <span class='ocr_line' id='line_1_15' title="bbox 136 2032 1548 2137; baseline 0.001 -31"><span class='ocrx_word' id='word_1_109' title='bbox 136 2033 296 2135; x_wconf 85' lang='lat' dir='ltr'>quidem</span> <span class='ocrx_word' id='word_1_110' title='bbox 311 2034 391 2109; x_wconf 88' lang='lat' dir='ltr'>lieri</span> <span class='ocrx_word' id='word_1_111' title='bbox 407 2049 542 2137; x_wconf 86' lang='lat' dir='ltr'>potest,</span> <span class='ocrx_word' id='word_1_112' title='bbox 569 2033 772 2137; x_wconf 68' lang='lat' dir='ltr'>implenda}</span> <span class='ocrx_word' id='word_1_113' title='bbox 792 2049 902 2122; x_wconf 89' lang='lat' dir='ltr'>sunt,</span> <span class='ocrx_word' id='word_1_114' title='bbox 929 2050 1057 2107; x_wconf 90' lang='lat' dir='ltr'>tamen</span> <span class='ocrx_word' id='word_1_115' title='bbox 1071 2034 1196 2108; x_wconf 80' lang='lat' dir='ltr'>nescio</span> <span class='ocrx_word' id='word_1_116' title='bbox 1215 2058 1264 2106; x_wconf 91' lang='lat' dir='ltr'>an</span> <span class='ocrx_word' id='word_1_117' title='bbox 1287 2032 1362 2106; x_wconf 91' lang='lat' dir='ltr'>alio</span> <span class='ocrx_word' id='word_1_118' title='bbox 1379 2049 1548 2135; x_wconf 83' lang='lat' dir='ltr'>tempore</span> 
     </span>
     <span class='ocr_line' id='line_1_16' title="bbox 135 2147 1548 2252; baseline 0 -31"><span class='ocrx_word' id='word_1_119' title='bbox 135 2147 212 2221; x_wconf 89' lang='lat' dir='ltr'>alia</span> <span class='ocrx_word' id='word_1_120' title='bbox 237 2178 315 2252; x_wconf 77' lang='lat' dir='ltr'>prae</span> <span class='ocrx_word' id='word_1_121' title='bbox 336 2151 465 2225; x_wconf 90' lang='lat' dir='ltr'>ceteris</span> <span class='ocrx_word' id='word_1_122' title='bbox 490 2166 651 2224; x_wconf 89' lang='lat' dir='ltr'>tractare</span> <span class='ocrx_word' id='word_1_123' title='bbox 673 2164 788 2250; x_wconf 91' lang='lat' dir='ltr'>atque</span> <span class='ocrx_word' id='word_1_124' title='bbox 811 2147 1002 2223; x_wconf 91' lang='lat' dir='ltr'>illustrare</span> <span class='ocrx_word' id='word_1_125' title='bbox 1020 2150 1231 2224; x_wconf 84' lang='lat' dir='ltr'>conveniat</span> <span class='ocrx_word' id='word_1_126' title='bbox 1256 2151 1352 2222; x_wconf 90' lang='lat' dir='ltr'>Nam</span> <span class='ocrx_word' id='word_1_127' title='bbox 1367 2149 1452 2251; x_wconf 89' lang='lat' dir='ltr'>jure</span> <span class='ocrx_word' id='word_1_128' title='bbox 1469 2175 1548 2222; x_wconf 89' lang='lat' dir='ltr'>me·</span> 
     </span>
     <span class='ocr_line' id='line_1_17' title="bbox 135 2262 1548 2368; baseline 0.001 -33"><span class='ocrx_word' id='word_1_129' title='bbox 135 2264 289 2365; x_wconf 90' lang='lat' dir='ltr'>ritoque</span> <span class='ocrx_word' id='word_1_130' title='bbox 310 2270 356 2341; x_wconf 87' lang='lat' dir='ltr'>V.</span> <span class='ocrx_word' id='word_1_131' title='bbox 379 2267 433 2340; x_wconf 91' lang='lat' dir='ltr'>Cl.</span> <span class='ocrx_word' id='word_1_132' title='bbox 460 2264 650 2352; x_wconf 86' lang='lat' dir='ltr'>Niebuhr,</span> <span class='ocrx_word' id='word_1_133' title='bbox 682 2264 730 2337; x_wconf 93' lang='lat' dir='ltr'>de</span> <span class='ocrx_word' id='word_1_134' title='bbox 759 2262 971 2337; x_wconf 89' lang='lat' dir='ltr'>multorum</span> <span class='ocrx_word' id='word_1_135' title='bbox 996 2263 1280 2368; x_wconf 89' lang='lat' dir='ltr'>philologorum</span> <span class='ocrx_word' id='word_1_136' title='bbox 1307 2265 1548 2367; x_wconf 87' lang='lat' dir='ltr'>perversitate</span> 
     </span>
     <span class='ocr_line' id='line_1_18' title="bbox 135 2378 1548 2483; baseline 0.002 -32"><span class='ocrx_word' id='word_1_137' title='bbox 135 2396 291 2481; x_wconf 88' lang='lat' dir='ltr'>questus</span> <span class='ocrx_word' id='word_1_138' title='bbox 320 2408 395 2457; x_wconf 90' lang='lat' dir='ltr'>esse</span> <span class='ocrx_word' id='word_1_139' title='bbox 415 2382 586 2470; x_wconf 89' lang='lat' dir='ltr'>videtur,</span> <span class='ocrx_word' id='word_1_140' title='bbox 611 2380 716 2481; x_wconf 91' lang='lat' dir='ltr'>quod</span> <span class='ocrx_word' id='word_1_141' title='bbox 743 2378 910 2453; x_wconf 75' lang='lat' dir='ltr'>historiae</span> <span class='ocrx_word' id='word_1_142' title='bbox 941 2381 1112 2481; x_wconf 71' lang='lat' dir='ltr'>antiquae</span> <span class='ocrx_word' id='word_1_143' title='bbox 1138 2382 1433 2470; x_wconf 88' lang='lat' dir='ltr'>enarrationem,</span> <span class='ocrx_word' id='word_1_144' title='bbox 1459 2406 1548 2483; x_wconf 93' lang='lat' dir='ltr'>pro·</span> 
     </span>
     <span class='ocr_line' id='line_1_19' title="bbox 135 2494 1547 2599; baseline 0.001 -32"><span class='ocrx_word' id='word_1_145' title='bbox 135 2496 263 2596; x_wconf 87' lang='lat' dir='ltr'>priam</span> <span class='ocrx_word' id='word_1_146' title='bbox 278 2496 435 2571; x_wconf 90' lang='lat' dir='ltr'>illorum</span> <span class='ocrx_word' id='word_1_147' title='bbox 456 2497 710 2599; x_wconf 85' lang='lat' dir='ltr'>provinciam,</span> <span class='ocrx_word' id='word_1_148' title='bbox 726 2496 801 2569; x_wconf 88' lang='lat' dir='ltr'>sive</span> <span class='ocrx_word' id='word_1_149' title='bbox 815 2494 1071 2598; x_wconf 79' lang='lat' dir='ltr'>neglexerint,</span> <span class='ocrx_word' id='word_1_150' title='bbox 1086 2496 1162 2570; x_wconf 85' lang='lat' dir='ltr'>sive</span> <span class='ocrx_word' id='word_1_151' title='bbox 1173 2495 1288 2598; x_wconf 89' lang='lat' dir='ltr'>plane</span> <span class='ocrx_word' id='word_1_152' title='bbox 1303 2496 1547 2570; x_wconf 87' lang='lat' dir='ltr'>deseruerint</span> 
     </span>
     <span class='ocr_line' id='line_1_20' title="bbox 136 2608 1550 2716; baseline 0.001 -33"><span class='ocrx_word' id='word_1_153' title='bbox 136 2612 237 2685; x_wconf 88' lang='lat' dir='ltr'>Sunt</span> <span class='ocrx_word' id='word_1_154' title='bbox 257 2613 361 2685; x_wconf 90' lang='lat' dir='ltr'>enim</span> <span class='ocrx_word' id='word_1_155' title='bbox 380 2608 607 2716; x_wconf 72' lang='lat' dir='ltr'>non&#39;pauci,</span> <span class='ocrx_word' id='word_1_156' title='bbox 636 2612 703 2713; x_wconf 92' lang='lat' dir='ltr'>qui</span> <span class='ocrx_word' id='word_1_157' title='bbox 726 2611 938 2715; x_wconf 81' lang='lat' dir='ltr'>philologos</span> <span class='ocrx_word' id='word_1_158' title='bbox 956 2611 1111 2685; x_wconf 91' lang='lat' dir='ltr'>nonnisi</span> <span class='ocrx_word' id='word_1_159' title='bbox 1143 2628 1344 2714; x_wconf 86' lang='lat' dir='ltr'>poetarum</span> <span class='ocrx_word' id='word_1_160' title='bbox 1367 2613 1550 2685; x_wconf 89' lang='lat' dir='ltr'>carmini·</span> 
     </span>
     <span class='ocr_line' id='line_1_21' title="bbox 136 2726 1551 2830; baseline 0.003 -32"><span class='ocrx_word' id='word_1_161' title='bbox 136 2726 209 2799; x_wconf 88' lang='lat' dir='ltr'>hus</span> <span class='ocrx_word' id='word_1_162' title='bbox 251 2727 543 2829; x_wconf 84' lang='lat' dir='ltr'>interpretandis</span> <span class='ocrx_word' id='word_1_163' title='bbox 576 2754 765 2801; x_wconf 88' lang='lat' dir='ltr'>summam</span> <span class='ocrx_word' id='word_1_164' title='bbox 802 2726 955 2801; x_wconf 92' lang='lat' dir='ltr'>laudem</span> <span class='ocrx_word' id='word_1_165' title='bbox 986 2728 1131 2828; x_wconf 88' lang='lat' dir='ltr'>assequi</span> <span class='ocrx_word' id='word_1_166' title='bbox 1159 2753 1263 2829; x_wconf 90' lang='lat' dir='ltr'>posse</span> <span class='ocrx_word' id='word_1_167' title='bbox 1291 2728 1363 2800; x_wconf 92' lang='lat' dir='ltr'>sibi</span> <span class='ocrx_word' id='word_1_168' title='bbox 1398 2754 1551 2830; x_wconf 77' lang='lat' dir='ltr'>persua-</span> 
     </span>
     <span class='ocr_line' id='line_1_22' title="bbox 136 2840 1549 2946; baseline 0.005 -33"><span class='ocrx_word' id='word_1_169' title='bbox 136 2840 240 2913; x_wconf 88' lang='lat' dir='ltr'>dent.</span> <span class='ocrx_word' id='word_1_170' title='bbox 280 2841 409 2937; x_wconf 90' lang='lat' dir='ltr'>Quare</span> <span class='ocrx_word' id='word_1_171' title='bbox 421 2841 557 2915; x_wconf 90' lang='lat' dir='ltr'>Tristia</span> <span class='ocrx_word' id='word_1_172' title='bbox 577 2842 706 2916; x_wconf 88' lang='lat' dir='ltr'>Ovidii</span> <span class='ocrx_word' id='word_1_173' title='bbox 724 2842 783 2916; x_wconf 84' lang='lat' dir='ltr'>vel</span> <span class='ocrx_word' id='word_1_174' title='bbox 799 2844 947 2917; x_wconf 82' lang='lat' dir='ltr'>Senccae</span> <span class='ocrx_word' id='word_1_175' title='bbox 963 2844 1167 2946; x_wconf 83' lang='lat' dir='ltr'>tragoedias</span> <span class='ocrx_word' id='word_1_176' title='bbox 1194 2843 1417 2945; x_wconf 81' lang='lat' dir='ltr'>explicuisse</span> <span class='ocrx_word' id='word_1_177' title='bbox 1434 2843 1549 2920; x_wconf 91' lang='lat' dir='ltr'>laude</span> 
     </span>
     <span class='ocr_line' id='line_1_23' title="bbox 135 2956 1548 3059; baseline 0 -31"><span class='ocrx_word' id='word_1_178' title='bbox 135 2956 289 3059; x_wconf 88' lang='lat' dir='ltr'>dignius</span> <span class='ocrx_word' id='word_1_179' title='bbox 312 2957 356 3030; x_wconf 92' lang='lat' dir='ltr'>iis</span> <span class='ocrx_word' id='word_1_180' title='bbox 380 2983 454 3031; x_wconf 91' lang='lat' dir='ltr'>esse</span> <span class='ocrx_word' id='word_1_181' title='bbox 479 2956 647 3047; x_wconf 88' lang='lat' dir='ltr'>videtur,</span> <span class='ocrx_word' id='word_1_182' title='bbox 673 2984 791 3059; x_wconf 91' lang='lat' dir='ltr'>quam</span> <span class='ocrx_word' id='word_1_183' title='bbox 819 2984 908 3031; x_wconf 92' lang='lat' dir='ltr'>cum</span> <span class='ocrx_word' id='word_1_184' title='bbox 940 2958 1025 3057; x_wconf 85' lang='lat' dir='ltr'>quis</span> <span class='ocrx_word' id='word_1_185' title='bbox 1047 2958 1089 3032; x_wconf 92' lang='lat' dir='ltr'>in</span> <span class='ocrx_word' id='word_1_186' title='bbox 1117 2959 1241 3031; x_wconf 87' lang='lat' dir='ltr'>Taciti</span> <span class='ocrx_word' id='word_1_187' title='bbox 1268 2959 1474 3033; x_wconf 87' lang='lat' dir='ltr'>annalibus</span> <span class='ocrx_word' id='word_1_188' title='bbox 1502 2960 1548 3033; x_wconf 92' lang='lat' dir='ltr'>il.</span> 
     </span>
     <span class='ocr_line' id='line_1_24' title="bbox 136 3070 1549 3176; baseline 0.003 -34"><span class='ocrx_word' id='word_1_189' title='bbox 136 3070 344 3145; x_wconf 88' lang='lat' dir='ltr'>lustrandis</span> <span class='ocrx_word' id='word_1_190' title='bbox 365 3070 622 3146; x_wconf 85' lang='lat' dir='ltr'>elaboraverit</span> <span class='ocrx_word' id='word_1_191' title='bbox 654 3075 785 3173; x_wconf 87' lang='lat' dir='ltr'>Neque</span> <span class='ocrx_word' id='word_1_192' title='bbox 797 3074 1035 3176; x_wconf 87' lang='lat' dir='ltr'>negaverim,</span> <span class='ocrx_word' id='word_1_193' title='bbox 1049 3073 1089 3145; x_wconf 90' lang='lat' dir='ltr'>in</span> <span class='ocrx_word' id='word_1_194' title='bbox 1111 3073 1243 3173; x_wconf 87' lang='lat' dir='ltr'>quovis</span> <span class='ocrx_word' id='word_1_195' title='bbox 1259 3091 1414 3148; x_wconf 87' lang='lat' dir='ltr'>auctore</span> <span class='ocrx_word' id='word_1_196' title='bbox 1430 3075 1549 3176; x_wconf 84' lang='lat' dir='ltr'>expli·</span> 
     </span>
     <span class='ocr_line' id='line_1_25' title="bbox 137 3186 1549 3291; baseline 0.003 -32"><span class='ocrx_word' id='word_1_197' title='bbox 137 3186 262 3261; x_wconf 90' lang='lat' dir='ltr'>cando</span> <span class='ocrx_word' id='word_1_198' title='bbox 289 3188 383 3260; x_wconf 76' lang='lat' dir='ltr'>viros</span> <span class='ocrx_word' id='word_1_199' title='bbox 408 3186 536 3260; x_wconf 88' lang='lat' dir='ltr'>doctos</span> <span class='ocrx_word' id='word_1_200' title='bbox 568 3186 615 3260; x_wconf 92' lang='lat' dir='ltr'>de</span> <span class='ocrx_word' id='word_1_201' title='bbox 645 3186 762 3260; x_wconf 89' lang='lat' dir='ltr'>literis</span> <span class='ocrx_word' id='word_1_202' title='bbox 792 3188 932 3262; x_wconf 75' lang='lat' dir='ltr'>Graecis</span> <span class='ocrx_word' id='word_1_203' title='bbox 956 3204 1072 3289; x_wconf 90' lang='lat' dir='ltr'>atque</span> <span class='ocrx_word' id='word_1_204' title='bbox 1101 3189 1245 3261; x_wconf 87' lang='lat' dir='ltr'>Latinis</span> <span class='ocrx_word' id='word_1_205' title='bbox 1271 3190 1414 3290; x_wconf 90' lang='lat' dir='ltr'>optime</span> <span class='ocrx_word' id='word_1_206' title='bbox 1443 3214 1549 3291; x_wconf 77' lang='lat' dir='ltr'>posse</span> 
     </span>
     <span class='ocr_line' id='line_1_26' title="bbox 135 3300 1548 3407; baseline 0.002 -32"><span class='ocrx_word' id='word_1_207' title='bbox 135 3302 293 3389; x_wconf 89' lang='lat' dir='ltr'>mereri,</span> <span class='ocrx_word' id='word_1_208' title='bbox 308 3302 371 3375; x_wconf 92' lang='lat' dir='ltr'>sed</span> <span class='ocrx_word' id='word_1_209' title='bbox 386 3300 482 3375; x_wconf 90' lang='lat' dir='ltr'>mihi</span> <span class='ocrx_word' id='word_1_210' title='bbox 502 3302 658 3402; x_wconf 86' lang='lat' dir='ltr'>quidem</span> <span class='ocrx_word' id='word_1_211' title='bbox 676 3303 889 3406; x_wconf 90' lang='lat' dir='ltr'>plurimum</span> <span class='ocrx_word' id='word_1_212' title='bbox 910 3330 1033 3407; x_wconf 70' lang='lat' dir='ltr'>operae</span> <span class='ocrx_word' id='word_1_213' title='bbox 1048 3321 1162 3405; x_wconf 89' lang='lat' dir='ltr'>atque</span> <span class='ocrx_word' id='word_1_214' title='bbox 1180 3303 1295 3375; x_wconf 91' lang='lat' dir='ltr'>studii</span> <span class='ocrx_word' id='word_1_215' title='bbox 1318 3303 1359 3375; x_wconf 92' lang='lat' dir='ltr'>in</span> <span class='ocrx_word' id='word_1_216' title='bbox 1381 3304 1424 3376; x_wconf 86' lang='lat' dir='ltr'>iis</span> <span class='ocrx_word' id='word_1_217' title='bbox 1438 3330 1548 3378; x_wconf 90' lang='lat' dir='ltr'>enar-</span> 
     </span>
     <span class='ocr_line' id='line_1_27' title="bbox 136 3417 1548 3523; baseline 0.003 -32"><span class='ocrx_word' id='word_1_218' title='bbox 136 3417 269 3491; x_wconf 89' lang='lat' dir='ltr'>randis</span> <span class='ocrx_word' id='word_1_219' title='bbox 289 3418 591 3495; x_wconf 90' lang='lat' dir='ltr'>consumendum</span> <span class='ocrx_word' id='word_1_220' title='bbox 610 3442 684 3492; x_wconf 89' lang='lat' dir='ltr'>esse</span> <span class='ocrx_word' id='word_1_221' title='bbox 708 3418 878 3508; x_wconf 90' lang='lat' dir='ltr'>videtur,</span> <span class='ocrx_word' id='word_1_222' title='bbox 902 3419 971 3520; x_wconf 88' lang='lat' dir='ltr'>qui</span> <span class='ocrx_word' id='word_1_223' title='bbox 999 3420 1048 3493; x_wconf 91' lang='lat' dir='ltr'>ad</span> <span class='ocrx_word' id='word_1_224' title='bbox 1073 3420 1248 3493; x_wconf 89' lang='lat' dir='ltr'>animum</span> <span class='ocrx_word' id='word_1_225' title='bbox 1274 3419 1548 3523; x_wconf 84' lang='lat' dir='ltr'>ingeniumque</span> 
     </span>
     <span class='ocr_line' id='line_1_28' title="bbox 136 3531 1547 3635; baseline 0.003 -28"><span class='ocrx_word' id='word_1_226' title='bbox 136 3531 389 3607; x_wconf 83' lang='lat' dir='ltr'>excolendum</span> <span class='ocrx_word' id='word_1_227' title='bbox 416 3532 627 3635; x_wconf 89' lang='lat' dir='ltr'>plurimum</span> <span class='ocrx_word' id='word_1_228' title='bbox 658 3533 864 3607; x_wconf 88' lang='lat' dir='ltr'>conferant.</span> <span class='ocrx_word' id='word_1_229' title='bbox 911 3535 1040 3608; x_wconf 84' lang='lat' dir='ltr'>Nol-lm</span> <span class='ocrx_word' id='word_1_230' title='bbox 1070 3533 1225 3635; x_wconf 90' lang='lat' dir='ltr'>quidem</span> <span class='ocrx_word' id='word_1_231' title='bbox 1253 3533 1451 3609; x_wconf 85' lang='lat' dir='ltr'>incorum</span> <span class='ocrx_word' id='word_1_232' title='bbox 1473 3564 1547 3611; x_wconf 89' lang='lat' dir='ltr'>nu-</span> 
     </span>
     <span class='ocr_line' id='line_1_29' title="bbox 136 3647 1548 3753; baseline 0.006 -33"><span class='ocrx_word' id='word_1_233' title='bbox 136 3672 288 3721; x_wconf 90' lang='lat' dir='ltr'>merum</span> <span class='ocrx_word' id='word_1_234' title='bbox 310 3647 458 3736; x_wconf 78' lang='lat' dir='ltr'>referri,</span> <span class='ocrx_word' id='word_1_235' title='bbox 485 3648 552 3749; x_wconf 90' lang='lat' dir='ltr'>qui</span> <span class='ocrx_word' id='word_1_236' title='bbox 581 3664 764 3748; x_wconf 90' lang='lat' dir='ltr'>tanquam</span> <span class='ocrx_word' id='word_1_237' title='bbox 796 3650 1011 3753; x_wconf 77' lang='lat' dir='ltr'>paedagogi,</span> <span class='ocrx_word' id='word_1_238' title='bbox 1046 3649 1090 3727; x_wconf 88' lang='lat' dir='ltr'>iis</span> <span class='ocrx_word' id='word_1_239' title='bbox 1125 3651 1391 3724; x_wconf 88' lang='lat' dir='ltr'>tantummodo</span> <span class='ocrx_word' id='word_1_240' title='bbox 1413 3653 1548 3728; x_wconf 90' lang='lat' dir='ltr'>studiis</span> 
     </span>
     <span class='ocr_line' id='line_1_30' title="bbox 137 3762 1549 3866; baseline 0.004 -29"><span class='ocrx_word' id='word_1_241' title='bbox 137 3762 398 3851; x_wconf 89' lang='lat' dir='ltr'>delectantur,</span> <span class='ocrx_word' id='word_1_242' title='bbox 422 3788 507 3864; x_wconf 85' lang='lat' dir='ltr'>quae</span> <span class='ocrx_word' id='word_1_243' title='bbox 528 3763 719 3864; x_wconf 88' lang='lat' dir='ltr'>juventuti</span> <span class='ocrx_word' id='word_1_244' title='bbox 737 3764 847 3837; x_wconf 90' lang='lat' dir='ltr'>utilia</span> <span class='ocrx_word' id='word_1_245' title='bbox 871 3790 945 3838; x_wconf 88' lang='lat' dir='ltr'>esse</span> <span class='ocrx_word' id='word_1_246' title='bbox 969 3764 1124 3851; x_wconf 91' lang='lat' dir='ltr'>dicunt,</span> <span class='ocrx_word' id='word_1_247' title='bbox 1150 3764 1249 3837; x_wconf 90' lang='lat' dir='ltr'>etin</span> <span class='ocrx_word' id='word_1_248' title='bbox 1274 3764 1361 3866; x_wconf 89' lang='lat' dir='ltr'>ipsis</span> <span class='ocrx_word' id='word_1_249' title='bbox 1374 3765 1549 3843; x_wconf 91' lang='lat' dir='ltr'>historia-</span> 
     </span>
     <span class='ocr_line' id='line_1_31' title="bbox 137 3877 1548 3982; baseline 0.005 -31"><span class='ocrx_word' id='word_1_250' title='bbox 137 3904 228 3951; x_wconf 90' lang='lat' dir='ltr'>rum</span> <span class='ocrx_word' id='word_1_251' title='bbox 253 3877 359 3951; x_wconf 90' lang='lat' dir='ltr'>libris</span> <span class='ocrx_word' id='word_1_252' title='bbox 387 3905 430 3951; x_wconf 88' lang='lat' dir='ltr'>ea</span> <span class='ocrx_word' id='word_1_253' title='bbox 456 3879 694 3980; x_wconf 89' lang='lat' dir='ltr'>potissimum</span> <span class='ocrx_word' id='word_1_254' title='bbox 725 3878 892 3980; x_wconf 90' lang='lat' dir='ltr'>eligunt,</span> <span class='ocrx_word' id='word_1_255' title='bbox 927 3905 1014 3979; x_wconf 83' lang='lat' dir='ltr'>quae</span> <span class='ocrx_word' id='word_1_256' title='bbox 1036 3879 1163 3980; x_wconf 92' lang='lat' dir='ltr'>pueris</span> <span class='ocrx_word' id='word_1_257' title='bbox 1191 3881 1362 3982; x_wconf 79' lang='lat' dir='ltr'>exempla</span> <span class='ocrx_word' id='word_1_258' title='bbox 1388 3882 1437 3956; x_wconf 93' lang='lat' dir='ltr'>ad</span> <span class='ocrx_word' id='word_1_259' title='bbox 1464 3884 1548 3958; x_wconf 89' lang='lat' dir='ltr'>imi·</span> 
     </span>
     <span class='ocr_line' id='line_1_32' title="bbox 140 3988 1547 4096; baseline 0.006 -31"><span class='ocrx_word' id='word_1_260' title='bbox 140 3988 303 4065; x_wconf 90' lang='lat' dir='ltr'>tandum</span> <span class='ocrx_word' id='word_1_261' title='bbox 324 3992 514 4094; x_wconf 88' lang='lat' dir='ltr'>proposita</span> <span class='ocrx_word' id='word_1_262' title='bbox 538 4019 611 4067; x_wconf 88' lang='lat' dir='ltr'>esse</span> <span class='ocrx_word' id='word_1_263' title='bbox 637 3994 822 4067; x_wconf 89' lang='lat' dir='ltr'>videntur.</span> <span class='ocrx_word' id='word_1_264' title='bbox 871 3995 1001 4095; x_wconf 87' lang='lat' dir='ltr'>Neque</span> <span class='ocrx_word' id='word_1_265' title='bbox 1022 3995 1105 4067; x_wconf 92' lang='lat' dir='ltr'>illos</span> <span class='ocrx_word' id='word_1_266' title='bbox 1129 4022 1274 4083; x_wconf 90' lang='lat' dir='ltr'>moror,</span> <span class='ocrx_word' id='word_1_267' title='bbox 1309 3997 1376 4096; x_wconf 92' lang='lat' dir='ltr'>qui</span> <span class='ocrx_word' id='word_1_268' title='bbox 1398 3999 1547 4073; x_wconf 86' lang='lat' dir='ltr'>abstru-</span> 
     </span>
     <span class='ocr_line' id='line_1_33' title="bbox 138 4106 1637 4211; baseline 0.002 -30"><span class='ocrx_word' id='word_1_269' title='bbox 138 4134 267 4181; x_wconf 87' lang='lat' dir='ltr'>sarum</span> <span class='ocrx_word' id='word_1_270' title='bbox 290 4133 418 4179; x_wconf 87' lang='lat' dir='ltr'>rerum</span> <span class='ocrx_word' id='word_1_271' title='bbox 441 4107 711 4208; x_wconf 73' lang='lat' dir='ltr'>quaestionibus</span> <span class='ocrx_word' id='word_1_272' title='bbox 737 4106 890 4181; x_wconf 91' lang='lat' dir='ltr'>nullum</span> <span class='ocrx_word' id='word_1_273' title='bbox 911 4110 1079 4211; x_wconf 90' lang='lat' dir='ltr'>pretium</span> <span class='ocrx_word' id='word_1_274' title='bbox 1102 4136 1176 4183; x_wconf 89' lang='lat' dir='ltr'>esse</span> <span class='ocrx_word' id='word_1_275' title='bbox 1194 4112 1440 4186; x_wconf 89' lang='lat' dir='ltr'>statuendum</span> <span class='ocrx_word' id='word_1_276' title='bbox 1460 4118 1549 4191; x_wconf 80' lang='lat' dir='ltr'>rati,</span> <span class='ocrx_word' id='word_1_277' title='bbox 1632 4170 1637 4184; x_wconf 83' lang='grc'><em>,</em></span> 
     </span>
     <span class='ocr_line' id='line_1_34' title="bbox 147 4220 1548 4329; baseline 0.007 -32"><span class='ocrx_word' id='word_1_278' title='bbox 147 4220 222 4297; x_wconf 90' lang='lat' dir='ltr'>hoc</span> <span class='ocrx_word' id='word_1_279' title='bbox 233 4223 444 4327; x_wconf 87' lang='lat' dir='ltr'>postulant,</span> <span class='ocrx_word' id='word_1_280' title='bbox 469 4239 512 4297; x_wconf 89' lang='lat' dir='ltr'>ut</span> <span class='ocrx_word' id='word_1_281' title='bbox 532 4224 573 4299; x_wconf 90' lang='lat' dir='ltr'>in</span> <span class='ocrx_word' id='word_1_282' title='bbox 594 4223 771 4299; x_wconf 91' lang='lat' dir='ltr'>omnibus</span> <span class='ocrx_word' id='word_1_283' title='bbox 787 4222 919 4299; x_wconf 89' lang='lat' dir='ltr'>studiis</span> <span class='ocrx_word' id='word_1_284' title='bbox 936 4224 1137 4316; x_wconf 88' lang='lat' dir='ltr'>doceatur,</span> <span class='ocrx_word' id='word_1_285' title='bbox 1164 4242 1355 4329; x_wconf 90' lang='lat' dir='ltr'>quantum</span> <span class='ocrx_word' id='word_1_286' title='bbox 1371 4226 1548 4307; x_wconf 84' lang='lat' dir='ltr'>haecani-</span> 
     </span>
    </p>
   </div>
   <div class='ocr_carea' id='block_1_3' title="bbox 0 0 1931 4867">
    <p class='ocr_par' dir='ltr' id='par_1_4' title="bbox 0 0 1931 4867">
     <span class='ocr_line' id='line_1_35' title="bbox 0 0 1931 4867; baseline 0 0"><span class='ocrx_word' id='word_1_287' title='bbox 0 0 1931 4867; x_wconf 95' lang='lat' dir='ltr'> </span> 
     </span>
    </p>
   </div>
  </div>
 </body>
</html>
