3850 4867
1445 328 1512 403 ²7¹

129 458 320 577 ueterisque
346 476 514 554 eiusdem
534 480 726 571 factionis,
753 481 1007 585 quadraginta
1024 499 1229 571 senatores,
1253 480 1367 556 multi
1380 496 1514 585 praete-

126 618 180 669 raa
202 622 290 671 cum
313 624 379 703 spe
403 602 505 677 bona
528 604 801 696 adulescentes,
817 605 928 681 sicuti
948 603 1096 696 hostiae,
1117 605 1271 680 mactati
1292 620 1401 693 sunt,
1421 631 1512 679 cum

124 714 254 796 interea
278 722 614 828 importunissuma
638 754 773 831 genera
803 726 1007 803 hominum
1040 744 1097 804 tot
1117 731 1340 804 miserorum
1369 728 1515 817 civium

122 845 295 948 sangnine
309 849 444 933 ¹satiari
463 852 694 953 netptirere:
719 879 799 927 non
823 853 905 927 orbi
931 852 1058 942 liberi,
1083 881 1165 928 non
1189 872 1362 956 parentes
1383 868 1512 927 exacta

122 980 238 1058 atate,
262 998 341 1046 non
362 974 522 1075 gemitus
543 976 731 1065 virorum,
756 975 881 1051 luctus
903 976 1124 1066 mulierum,
1148 977 1355 1053 immanem
1380 1003 1514 1052 comm

121 1088 284 1168 animum
303 1095 467 1171 inflexit:
497 1099 595 1201 quin
618 1100 791 1175 acerbius
806 1100 848 1173 in
867 1100 945 1175 dies
967 1100 1249 1177 malefaciundo
1271 1128 1316 1175 ae
1332 1100 1513 1189 dicundo,

121 1210 296 1317 dignitate
308 1219 418 1309 alios,
434 1220 526 1295 alios
541 1222 691 1296 civitate
701 1248 870 1297 eversum
888 1224 997 1297 irent.
1030 1226 1127 1298 Nam
1140 1225 1235 1326 quid
1249 1250 1317 1327 ego
1332 1224 1380 1299 de
1396 1239 1431 1298 te
1453 1223 1512 1297 di·

121 1362 214 1430 cam,
228 1343 336 1419 cuius
355 1346 627 1421 contumeliam
640 1344 812 1421 homines
834 1346 1073 1450 ignavissumi
1090 1349 1167 1420 vita
1187 1374 1255 1421 sua
1275 1363 1511 1423 commutare

121 1464 414 1566 voluntlscilioet
424 1496 549 1571 neque
565 1468 639 1543 illis
655 1485 771 1543 tantae
787 1469 1041 1573 voluptati-est
1049 1470 1214 1567 (tametsi
1229 1469 1510 1574 insperantibus

120 1589 274 1689 accidit)
299 1592 533 1683 dominatio,
556 1608 702 1695 quanto
724 1594 880 1667 moerori
910 1611 976 1667 tua
1002 1593 1166 1697 dignitas
1189 1625 1197 1666 :
1222 1594 1320 1697 quin
1344 1594 1511 1697 optatius

119 1704 254 1788 habent
271 1742 317 1789 ex
334 1732 398 1789 tua
412 1715 626 1790 calamitate
650 1716 865 1819 periculum
881 1718 1064 1791 libertatis
1084 1717 1222 1807 facere,
1247 1744 1365 1819 quam
1387 1745 1456 1820 per
1474 1734 1511 1804 te
1610 1745 1623 1767 ⁸

119 1837 242 1937 populi
257 1840 420 1913 Romani
439 1839 644 1941 imperium
667 1867 890 1915 maxumum
912 1869 957 1915 ex
982 1868 1119 1945 magno
1140 1838 1230 1916 lieri.
1282 1841 1371 1935 Quo
1394 1841 1511 1943 magis

121 1952 181 2033 tibi
198 1950 312 2037 etiam
339 1980 455 2065 atque
473 1963 588 2037 etiam
609 1964 738 2038 animo
761 1964 1078 2066 prospiciundum
1099 1980 1181 2053 est,
1205 1990 1376 2065 quonam
1396 1964 1510 2037 modo

121 2100 200 2156 rem¹
216 2086 383 2161 stabilias
410 2086 730 2187 commuuiosque.
781 2084 879 2159 Mihi
904 2086 1061 2186 quidem
1086 2111 1172 2187 quae
1194 2112 1300 2161 mens
1320 2085 1508 2187 suppetit,

120 2204 236 2309 eloqui
260 2237 341 2283 non
367 2210 562 2284 dubitabo.
615 2212 791 2283 Ceterum
814 2208 870 2282 tui
888 2208 961 2283 erit
981 2209 1124 2312 ingenii
1145 2209 1323 2311 probare,
1348 2234 1508 2309 qtraeve·

60 2388 61 2391 η
120 2354 156 2403 ra
184 2348 296 2435 atque
320 2324 432 2409 utilia
457 2334 565 2409 factu
586 2349 703 2436 putes.
754 2336 800 2406 In
825 2330 920 2407 duas
951 2348 1076 2434 partes
1096 2357 1163 2435 ego
1193 2331 1385 2407 civitatem
1411 2326 1536 2405 ‹livi-5

120 2477 189 2529 sam
223 2457 415 2547 arbitror,
439 2458 538 2532 sicut
574 2484 595 2531 a
625 2454 832 2531 maioribus
864 2454 1014 2557 accepi,
1048 2454 1091 2527 in
1121 2470 1245 2557 patres
1278 2470 1316 2529 et
1348 2455 1507 2558 plebem.

121 2582 293 2655 Antonin
319 2570 493 2685 patribus
516 2606 662 2655 summa
679 2578 893 2654 auotoritas
916 2594 1020 2665 erat,
1045 2577 1106 2652 vis·
1121 2578 1245 2652 multo
1268 2604 1447 2653 maxuma
1466 2578 1507 2653 in

120 2700 232 2802 plebe..
272 2708 406 2807 Itaque
435 2706 569 2808 saepius
600 2704 641 2777 in
673 2703 824 2778 civitate
850 2701 1001 2777 secessio
1029 2700 1129 2773 suit:
1153 2726 1375 2803 semperque
1399 2702 1509 2783 nobi,

121 2822 225 2901 litatis
251 2854 337 2932 opes
365 2824 571 2903 deminutae
605 2845 719 2913 sunt,
764 2844 803 2902 et
837 2828 895 2900 ius
928 2823 1063 2928 populi
1101 2823 1387 2926 amplificatum.
1438 2824 1510 2899 Sed

120 2948 236 3048 plebes
256 2980 300 3027 eo
323 2954 442 3027 libere
465 2952 649 3056 agitabat,
674 2952 764 3053 quia
792 2949 937 3023 nullius
962 2947 1133 3051 potentia
1158 2973 1273 3050 super
1292 2947 1388 3052 leges
1413 2965 1511 3042 erat3

122 3098 234 3174 neque
250 3076 389 3157 divitiis
410 3093 478 3149 aut
496 3075 692 3177 superbia,
716 3074 780 3147 sed
801 3075 901 3147 bona
931 3071 1032 3144 fama
1050 3070 1235 3174 factisque
1258 3070 1420 3145 sortibus
1442 3098 1511 3145 no·

121 3192 196 3271 bilis
217 3199 421 3303 ignobilem
455 3200 648 3271 anteibat:
683 3196 937 3270 humillumus
967 3194 1128 3297 quisque
1163 3194 1206 3267 in
1229 3193 1326 3297 agris
1347 3208 1415 3266 aut
1438 3192 1509 3265 mi·

122 3316 213 3411 litio,
239 3324 384 3397 nullius
419 3321 584 3396 honestae
607 3322 660 3394 rei
692 3346 821 3423 egens,
843 3320 930 3393 satis
955 3318 1028 3391 sibi
1061 3318 1223 3418 satisque
1251 3316 1383 3418 patrias
1418 3331 1507 3389 erat.

122 3441 184 3517 Sed
202 3447 267 3519 ubi
286 3472 347 3521 eos
369 3444 569 3548 paullatim
590 3444 762 3546 expulsos
785 3442 1032 3547 agrisinertia
1056 3458 1171 3543 atque
1194 3439 1323 3543 inopia
1347 3439 1508 3513 incertas

122 3563 237 3643 domos
254 3568 573 3672 haberesubegit:
587 3592 734 3669 coepere
752 3566 893 3641 alienas
906 3590 993 3668 opes
1009 3580 1153 3667 petere,
1169 3563 1383 3637 libertatem
1399 3587 1508 3637 suam

123 3812 191 3855 tutuo
202 3818 266 3857 uam
287 3817 348 3857 om.
364 3795 446 3857 Fabr.
460 3806 489 3855 et
500 3794 575 3854 Brie.
595 3794 700 3855 satiari
715 3794 849 3873 nequiere
868 3794 942 3853 Bn'c.
964 3794 1114 3871 περαίνετε
1128 3792 1208 3853 Palu.
1230 3792 1425 3869 nequierunt·
1439 3795 1508 3853 rul-

124 3920 162 3977 go.
182 3922 239 3961 non
256 3902 350 3961 luctus
361 3898 489 3979 gemitus
503 3899 636 3959 uirorum
653 3901 809 3959 muliorum
830 3898 913 3956 Febr.
935 3908 1117 3956 corumutore
1138 3896 1243 3955 nolunt
1262 3899 1289 3956 si
1309 3898 1393 3957 liceat
1412 3898 1506 3957 Vatis.

123 4004 187 4079 quiu-
198 4006 322 4087 optatius
332 4014 439 4067 veteres
456 4003 533 4063 libri.
554 4003 606 4082 qtu'
622 4008 719 4086 vulgo.
742 4002 987 4079 commuuiusquc.
1002 4003 1064 4061 eius
1078 4004 1145 4059 looo
1158 4002 1408 4083 communicesque
1420 4001 1505 4063 Febr.

123 4105 186 4171 litio.
204 4140 243 4159 -ι-
265 4110 338 4191 Cup.
354 4112 381 4169 5.
402 4109 575 4171 deminuta..
589 4101 661 4167 dim.
684 4110 785 4167 Vatis.¹
800 4106 884 4165 Faba.
905 4104 999 4165 armis
1013 4115 1064 4165 eut
1080 4105 1187 4165 militia
1202 4104 1299 4165 Codd.
1320 4116 1348 4165 et
1360 4105 1422 4167 nul.
1442 4109 1508 4167 luo·

125 4226 191 4287 ruat,
208 4218 257 4297 qui
275 4218 401 4297 legerent
420 4213 497 4275 orris
516 4221 543 4271 st
560 4234 600 4277 m.
621 4214 746 4273 coniecit
760 4212 869 4271 Duuza.
900 4210 982 4289 agris
995 4210 1153 4293 legendum
1172 4230 1229 4273 essa
1248 4230 1359 4271 ctnoeo.
1381 4210 1431 4289 qui
1449 4202 1506 4271 ‹fo-
