3850 4867
388 318 437 388 28

482 516 632 623 Inspexi
660 536 841 627 praeterea
874 518 969 596 alios
999 542 1063 597 sex
1085 518 1608 620 CoddVatimn031843.a.
1636 528 1740 619 1843.
1753 530 1787 603 b.

384 636 625 734 1733.1909.
656 638 759 739 1785.
786 635 893 734 3415.
940 637 1126 737 Quorum
1149 653 1318 741 quatuor
1349 639 1557 717 Catilinam
1588 660 1627 719 et
1650 646 1789 749 Jugur-

384 745 500 841 tham,
520 752 680 855 quintus
700 784 782 833 non
796 754 923 833 solum
940 752 1011 830 hos
1021 753 1149 845 libros,
1164 754 1230 830 sed
1252 753 1369 831 etiam
1390 772 1560 861 quatuor
1575 760 1792 853 Invectivas,

380 892 468 968 quae
487 872 757 965 nominantur,
772 872 952 949 continet
992 872 1172 969 Quarum
1186 870 1345 975 quidem
1365 872 1691 951 declamationum
1707 877 1791 953 duae

379 1000 472 1060 sunt
494 989 712 1081 notissimas,
737 1016 831 1094 quas
849 1018 871 1064 a
891 990 1073 1066 Cicerone
1093 988 1137 1065 in
1155 988 1365 1065 Salustium
1388 1008 1427 1067 et
1449 1018 1472 1067 a
1493 991 1656 1067 Salustio
1673 993 1715 1069 in
1734 994 1791 1071 Ci-

381 1129 557 1180 oeronem
565 1104 714 1181 habitas
723 1133 798 1183 esse
811 1106 1008 1183 finxerunt
1017 1105 1438 1203 Grammatici3alterae,
1447 1126 1792 1213 quammauctores

381 1220 558 1299 Ciceroet
579 1224 745 1300 Catilina
762 1250 837 1301 esse
854 1222 1061 1313 dicuntur,
1087 1249 1110 1297 a
1131 1222 1280 1301 Wollio
1300 1225 1477 1300 noudum
1493 1226 1604 1301 editae
1621 1251 1697 1301 esse
1722 1252 1792 1330 pu-

380 1338 564 1417 tabantur
574 1342 614 1431 i')
626 1342 701 1433 sed,
714 1340 846 1447 utjam
857 1367 973 1447 supra
986 1340 1132 1429 monui,
1150 1339 1191 1415 in
1207 1340 1792 1418 CiceronisEditioneBasileensi

385 1456 480 1551 1564
500 1459 599 1563 typis
624 1485 803 1564 expressae
824 1476 924 1535 sunt
950 1462 997 1533 In
1017 1474 1122 1533 sexto
1135 1456 1267 1533 codice
1283 1459 1366 1535 Mss
1386 1458 1584 1549 cumalia,
1600 1474 1684 1535 tum
1699 1459 1793 1564 epis·

384 1572 471 1647 tolae
486 1574 534 1650 de
556 1577 754 1679 republica
774 1576 990 1652 ordinanda
1012 1574 1282 1664 continentur,
1305 1573 1371 1649 sed
1398 1591 1591 1677 quantum
1615 1575 1794 1679 equidem

380 1687 529 1793 judico,
580 1694 809 1799 adiscipulo
835 1694 876 1769 in
905 1690 1044 1768 scholis
1073 1690 1261 1797 publicis,
1292 1689 1470 1797 magistro
1495 1692 1683 1785 dictante,
1711 1720 1794 1768 exa-

379 1824 481 1883 ratae.
515 1810 696 1887 Pessimus
718 1826 817 1887 certe
839 1808 905 1885 hic
927 1809 1026 1885 libor
1046 1824 1108 1884 est
1143 1808 1276 1913 Neque
1305 1808 1418 1883 ceteri
1444 1808 1560 1884 Codd.
1585 1809 1691 1914 digni
1720 1835 1794 1886 esse

380 1924 628 2020 videbantur,
653 1955 748 2033 quos
773 1927 989 2004 accuratius
1009 1941 1233 2001 excuterem.
1261 1924 1427 2031 Optimis
1447 1926 1554 2001 enim
1576 1926 1684 2002 libris
1706 1926 1795 2003 dili-

384 2060 516 2147 genter
526 2047 760 2136 examinatis,
783 2074 829 2122 ex
857 2041 1111 2121 deterioribus
1134 2040 1236 2117 nihil
1263 2042 1341 2118 fere
1364 2068 1587 2147 cognoscas,
1601 2070 1722 2146 quam
1747 2044 1795 2119 li-

381 2160 599 2239 brariorum
625 2164 701 2239 sive
721 2162 934 2253 audaciam,
952 2161 1028 2237 sive
1041 2158 1256 2236 stultitiam.
1294 2159 1368 2234 Sed
1384 2158 1528 2234 mirum
1546 2186 1608 2235 me
1630 2158 1794 2235 habuit›

382 2279 490 2382 quod
508 2280 624 2355 Codd.
641 2279 850 2371 Palatinos,
878 2278 1185 2355 Commelianum
1209 2274 1376 2352 maxime
1391 2292 1506 2380 atque
1525 2278 1794 2365 Nazarianum,

380 2424 475 2500 quos
495 2398 657 2501 optimos
686 2422 761 2473 esse
780 2397 969 2472 Gruterus
1000 2393 1204 2502 judicavit,
1234 2394 1420 2498 inspicere
1441 2391 1540 2469 mihi
1569 2421 1650 2469 non
1672 2394 1793 2470 licuit

382 2517 480 2589 Cum
498 2542 520 2589 a
540 2518 585 2591 V.
608 2514 660 2589 Cl.
680 2515 829 2616 Angelo
847 2516 972 2619 Majo,
998 2508 1243 2587 Bibliothecae
1255 2512 1451 2588 Vaticanae
1468 2511 1668 2617 praefecto,
1696 2512 1794 2617 peti·

379 2630 529 2721 vissem,
564 2648 609 2705 ut
637 2628 779 2707 horum
806 2630 922 2705 Codd.
951 2627 1297 2704 examinandorum
1324 2630 1476 2735 copiam
1503 2627 1601 2705 mihi
1634 2626 1794 2739 faceret,

379 2748 548 2853 negarit,
582 2775 620 2824 se
649 2748 777 2824 adhuc
807 2773 868 2824 eos
897 2744 1098 2836 invenisse,
1132 2761 1171 2820 et
1200 2746 1349 2821 Parisiis
1375 2746 1524 2822 relictos
1550 2772 1625 2823 esse
1645 2761 1794 2849 putare.

382 2864 499 2962 Quod
522 2863 620 2939 mihi
649 2865 806 2968 quidem
829 2892 911 2941 non
939 2862 1134 2970 persuasit
1170 2861 1270 2938 Sunt
1303 2863 1408 2939 enim
1445 2890 1526 2939 non
1556 2864 1695 2968 pauci,
1723 2864 1792 2967 qui

381 2980 615 3073 existiment,
640 2982 767 3058 virum
800 2982 912 3058 illum
946 2979 1228 3070 doctissimum,
1253 3006 1344 3056 cum
1364 2980 1481 3057 Codd.
1511 2980 1663 3057 ineditis
1688 2980 1794 3057 inve·

380 3098 531 3177 niendis
556 3116 672 3203 atque
692 3098 912 3203 evulgandis
931 3126 1112 3204 magnam
1130 3097 1292 3203 gloriam
1308 3097 1381 3173 sibi
1408 3099 1615 3205 pepererit,
1641 3096 1794 3187 timere,

379 3246 429 3295 ne
450 3218 517 3294 alii
538 3218 588 3293 ad
613 3216 716 3293 idem
735 3216 860 3291 laudis
878 3215 1071 3319 fastigium
1090 3214 1324 3317 perveniant
1362 3216 1446 3291 Hoc
1474 3244 1524 3292 ne
1547 3214 1712 3306 accidat,
1736 3213 1794 3290 di-

381 3333 542 3438 ligenter
562 3351 682 3425 cavet,
708 3350 747 3409 et
768 3334 959 3437 optimum
979 3358 1172 3435 quemque
1190 3332 1377 3427 codicem,
1390 3333 1423 3407 si
1443 3332 1602 3436 quidem
1617 3330 1701 3407 lieri
1724 3358 1793 3437 po-

382 3465 472 3539 test,
495 3450 666 3525 clausum
688 3466 807 3541 tenet,
832 3451 891 3525 vel
905 3449 1033 3555 potius
1056 3477 1138 3524 non
1158 3449 1315 3524 invenit
1348 3449 1465 3547 Quod
1485 3449 1591 3553 apud
1608 3464 1793 3525 nostrates

381 3564 680 3641 bibliothecariis
699 3567 791 3641 vitio
811 3568 992 3657 vertitur,
1016 3564 1091 3641 hac
1113 3592 1154 3641 re
1173 3566 1239 3641 ille
1259 3566 1414 3641 laudem
1438 3566 1585 3669 quaerit
1625 3565 1672 3640 Id
1686 3564 1792 3668 quod

383 3683 468 3760 ideo
488 3683 640 3773 monui,
667 3709 715 3757 ne
736 3684 821 3787 quis
842 3684 978 3759 falsam
1015 3683 1144 3759 animo
1167 3682 1361 3789 concipiat
1381 3683 1624 3787 opinionem,
1651 3681 1791 3758 biblio·

384 3799 536 3877 thecam
551 3800 797 3891 Vaticanam,
822 3802 915 3876 olim
937 3830 958 3875 a
980 3800 1298 3892 bibliothecariis,
1332 3818 1518 3903 tanquam
1539 3799 1659 3877 vellus
1682 3826 1790 3875 aure-

383 3946 468 4009 um,
497 3918 745 4008 custoditam,
768 3934 896 3993 nostra
918 3935 1028 3995 aetate
1044 3919 1222 3994 omnibus
1241 3919 1399 3995 eruditis
1420 3935 1560 4024 patere.
1610 3919 1663 3991 Ut
1684 3918 1790 3993 enim

385 4036 559 4111 omittam
571 4034 756 4110 feriarum
768 4035 1080 4130 diuturnitatem,
1105 4063 1190 4141 quae
1207 4063 1253 4113 ex
1272 4037 1416 4146 legibtl§
1437 4050 1539 4112 etex
1559 4034 1719 4111 arbitrio
1731 4034 1789 4110 bi-

384 4292 412 4374 ⁴⁵)
435 4294 543 4355 Praefat.
570 4294 656 4356 Orat.
670 4313 727 4375 pro
744 4288 896 4355 Marcello.
