3850 4867
1477 359 1548 432 ¹¹9

146 523 218 582 aut
237 511 451 586 concordiae
476 538 563 614 quae
585 539 667 618 apes
693 518 772 590 est?
796 494 998 591 Dominari
1020 517 1079 591 illi
1099 516 1254 607 volunt,
1280 541 1344 592 vos
1371 515 1481 598 liberi
1496 539 1549 590 es*

143 658 201 706 se:
228 633 354 710 faeere
375 637 432 710 illi
450 637 640 727 iniurias,
661 665 726 714 vos
751 639 972 743 prohibere:
992 658 1181 744 postremo
1214 641 1321 717 sociis
1344 641 1469 716 vestris
1488 666 1550 714 ve·

146 755 222 831 luti
258 757 457 850 hostibus,
498 760 671 836 hostibus
714 790 785 867 pro
822 765 931 839 sociis
965 782 1140 839 utuntur.
1191 767 1363 838 Potestne
1395 764 1437 838 in
1470 780 1550 838 tam

145 881 304 959 divorsis
323 887 516 960 mentibus
532 915 608 990 pax
634 904 703 961 aut
714 888 882 963 amicitia
903 892 1001 964 essel
1028 890 1157 985 Quare
1178 915 1314 963 moneo
1341 887 1551 991 hortorque

144 1034 221 1099 vos,
241 1035 292 1084 ne
316 1026 470 1084 tantum
490 1011 610 1086 scelus
627 1012 863 1115 impunitum
893 1011 1083 1086 omittatis.
1137 1013 1221 1086 Non
1242 1012 1440 1117 peculatus
1460 1039 1552 1086 tera-

145 1130 195 1205 rii
221 1131 346 1208 sactus
362 1153 433 1226 est,
459 1163 589 1248 neque
604 1154 674 1241 per
696 1140 775 1210 vim
794 1137 902 1212 sociis
928 1155 1066 1241 ereptae
1090 1139 1285 1241 pecuniae:
1308 1165 1393 1241 quae
1417 1165 1552 1240 (paam-

144 1281 266 1357 quam
284 1259 411 1363 gravia
430 1277 539 1368 sunt,¹
566 1278 695 1336 tamen
718 1261 995 1346 consuetudine
1014 1261 1092 1336 iam
1110 1288 1181 1366 pro
1204 1260 1329 1337 nihilo
1346 1261 1549 1337 habentur.

144 1382 255 1457 Hosti
292 1409 491 1459 acerrumo
524 1385 677 1489 prodita
714 1386 842 1460 Senati
867 1387 1095 1478 auctoritas,
1122 1387 1319 1490 proditum
1346 1386 1552 1490 imperium

144 1523 347 1581 vestrum:
378 1508 484 1583 domi
521 1509 744 1610 militiaeque
780 1509 993 1613 respublica
1034 1510 1177 1585 venalis
1212 1510 1296 1585 fuit
1348 1511 1445 1608 Quae
1477 1508 1553 1584 nisi

145 1632 306 1732 quaesita
342 1649 476 1723 erunt,
511 1634 583 1708 nisi
607 1633 846 1708 vindicatum
874 1634 915 1707 in
944 1635 1093 1709 noxios:
1119 1633 1214 1736 quid
1235 1635 1308 1710 erit
1338 1634 1552 1736 reliquum,

146 1755 220 1829 nisi
249 1772 298 1830 ut
322 1755 414 1846 illis,
447 1757 515 1860 qui
544 1783 586 1832 ea
621 1757 763 1847 fecere,
797 1758 1013 1834 obedientes
1035 1757 1236 1834 vivamus?
1270 1761 1368 1832 Nam
1393 1760 1554 1862 impune

145 1879 329 1980 quaelibet
362 1878 507 1970 facere,
532 1880 574 1955 id
603 1897 659 1955 est
686 1907 810 1984 regem
834 1908 916 1956 esse.
967 1883 1098 1986 Neque
1126 1909 1197 1987 ego
1237 1907 1321 1970 vos,
1361 1882 1551 1978 Quirites,

147 1999 302 2091 hortor,
327 2020 374 2078 ut
388 2001 529 2078 malitis
550 2004 639 2078 civis
657 2021 795 2079 vestros
824 2032 1024 2109 perperam
1052 2035 1169 2109 (pram
1195 2023 1294 2080 recte
1321 2005 1462 2098 secisse3
1486 2004 1551 2079 sed

148 2153 217 2217 ne,
243 2127 473 2232 ignoscenda
492 2128 620 2216 malis,
644 2129 764 2203 bonos
783 2128 979 2232 perditum
1000 2131 1100 2204 eatis.
1149 2131 1208 2204 Ad
1226 2129 1301 2204 hoe
1319 2129 1361 2203 in
1383 2128 1553 2232 republi-

148 2277 190 2325 ea
213 2251 340 2326 multo
365 2245 517 2354 praestat
536 2251 711 2326 beneficii
739 2279 857 2354 quam
886 2253 1064 2329 maleficii
1088 2255 1347 2329 immemorem
1367 2279 1459 2346 esse3
1484 2251 1552 2328 bo·
1593 2251 1597 2258 ’

149 2403 221 2451 nus
238 2375 467 2451 tantumodo
483 2376 633 2478 segnior
647 2375 713 2471 fit,
739 2378 809 2451 ubi
827 2377 1014 2483 neglegas,
1040 2395 1080 2452 at
1100 2378 1223 2452 malus
1244 2376 1464 2482 improbior.
1487 2375 1546 2449 Ad

150 2497 225 2574 hoe
246 2500 279 2574 si
300 2498 452 2574 iniuriae
474 2525 554 2573 nan
579 2501 679 2591 sint,
698 2499 806 2576 haud
821 2527 918 2605 saepe
937 2501 1071 2577 auxilii
1090 2527 1207 2608 egeas..
1481 2591 1484 2599 .

203 2623 297 2697 Haec
308 2639 424 2724 atque
439 2621 514 2696 alia
529 2620 791 2700 huiuscemodi
799 2652 895 2729 saepe
910 2626 1091 2716 dicundo,
1097 2627 1300 2702 Memmius
1311 2624 1456 2730 populo
1467 2649 1552 2726 per·
1565 2621 1609 2680 3²·

149 2747 310 2837 suadet,
324 2745 591 2836 utiLCassius,
614 2749 681 2850 qui
706 2765 790 2824 tum
806 2752 949 2824 Praetor
963 2766 1060 2839 erat,
1079 2750 1128 2825 ad
1148 2748 1374 2854 Iugurtham
1388 2750 1554 2822 mittere-

152 2885 216 2944 tur
233 2897 400 2972 eumque
412 2868 633 2974 interposita
658 2871 733 2949 fide
760 2874 917 2978 publiea
938 2877 1098 2949 Romam
1118 2872 1553 2976 duceret3tp10facili11s

150 3048 246 3112 Guels.
261 3075 288 3132 7.
303 3074 332 3133 9.
347 3072 393 3110 ιο.
409 3071 455 3110 ιι.
473 3070 518 3110 1-2.
538 3050 620 3115 Leid.
634 3051 664 3111 d.
675 3051 706 3110 h.
720 3054 747 3112 k.
760 3056 781 3112 1.
794 3075 825 3120 n.
850 3052 911 3112 Bas.
920 3054 949 3125 4.
970 3053 1054 3114 Bern.
1069 3076 1094 3113 ι.
1123 3053 1346 3133 malumseeisse
1366 3054 1432 3114 Eec.
1456 3051 1553 3114 Guels.

151 3157 179 3216 3.
199 3158 303 3222 Franc.
326 3157 406 3221 Vrat.
422 3177 450 3221 a.
471 3157 588 3216 alterna
605 3156 773 3218 sollicitudo
794 3171 849 3220 tres
863 3159 966 3220 Wassii
982 3159 1058 3219 libri.
1081 3159 1142 3218 Bas.
1158 3181 1183 3217 ι.
1208 3159 1350 3240 eripiatur
1369 3159 1436 3219 Eec.
1458 3158 1554 3218 Guels.

155 3283 200 3323 ιο.
220 3263 291 3323 vin.
307 3284 332 3320 ι.
353 3261 438 3320 Febr.
452 3281 479 3321 2.
501 3259 552 3325 dc.
574 3265 634 3323 ine.
657 3267 762 3323 Franc.
773 3263 856 3323 Rem.
877 3286 902 3323 ι.
922 3263 1002 3322 Leia.
1016 3263 1044 3326 b.
1056 3285 1080 3322 e.
1095 3265 1115 3322 f.
1126 3261 1200 3344 gh.
1217 3268 1237 3324 l.
1249 3287 1289 3324 m.
1302 3285 1332 3328 n.
1354 3264 1454 3335 ΒΜ.
1470 3261 1555 3326 Bam.

156 3389 181 3426 ι.
202 3364 491 3448 uttellegdisllas.1·.
514 3369 611 3434 Guels.
629 3389 695 3432 m.
717 3368 886 3448 intellegetis
907 3367 990 3429 Fabr.
1006 3389 1029 3426 1.
1051 3368 1117 3428 Seu.
1134 3390 1158 3427 ι.
1179 3369 1248 3429 Tur.
1278 3370 1439 3449 intelligitis
1464 3369 1554 3429 lead.

152 3473 248 3533 Senat.
264 3494 292 3536 a.
320 3471 442 3532 Vtatd.
469 3473 574 3539 Heuss..
598 3474 696 3533 Guels.
710 3495 740 3555 9.
758 3494 804 3532 ιο.
829 3473 916 3539 Beru.
930 3495 955 3534 ι.
983 3493 1043 3554 spes
1055 3483 1104 3533 ast.
1125 3483 1166 3535 ost
1181 3495 1241 3535 om.
1271 3475 1322 3534 Ac.
1343 3475 1427 3536 sociis
1450 3474 1557 3536 nostris

153 3583 285 3662 plerique
302 3577 410 3637 Cortii.
426 3566 548 3639 divorso
567 3578 664 3639 Guels.
681 3599 707 3638 a.
735 3577 910 3659 imputatum
928 3578 1084 3638 dimittatis
1109 3582 1150 3640 sie
1166 3580 1281 3640 Gruter.
1299 3591 1327 3640 ct
1345 3581 1436 3640 was.
1453 3579 1557 3640 edide-

126 3679 138 3687 ”
154 3696 232 3745 runt.
252 3683 303 3744 sed
317 3703 419 3745 omnes
442 3686 500 3745 sere
513 3683 582 3745 libri
613 3682 899 3745 omittatis-obmiti.
924 3682 1009 3742 Beru.
1021 3689 1048 3747 3.
1073 3685 1166 3744 oerara'
1187 3687 1261 3747 Ecc..
1283 3689 1429 3745 omittunt·
1443 3687 1558 3768 aliquot

155 3791 241 3850 Patet
260 3789 365 3870 graaale
377 3800 454 3850 suut.
473 3791 534 3851 sint
554 3794 651 3871 plures
671 3789 753 3848 Cort.
773 3791 814 3848 ita
828 3799 857 3848 et
877 3788 946 3848 Tur.
967 3787 1052 3848 Bern.
1072 3810 1096 3848 1.
1119 3809 1179 3854 om.
1201 3791 1298 3850 Guels.
1316 3813 1361 3850 ιο.
1381 3793 1470 3870 prod.
1485 3791 1555 3872 imp.

156 3905 336 3957 uoetuuneu
362 3895 654 3962 teid.a.i.t.t.m.
679 3894 742 3954 Bas.
758 3915 790 3954 1.
810 3892 937 3955 Beuud.
971 3894 1026 3954 erit
1041 3894 1183 3973 reliquum
1203 3893 1298 3956 Guels.
1318 3917 1364 3955 10.
1395 3915 1485 3975 nequa
1502 3916 1556 3978 ego

157 4021 216 4063 vos.
236 4023 295 4083 ego
309 4021 371 4061 om.
400 4001 457 4067 Ae.
472 4021 521 4063 vos
536 3999 614 4060 delet
633 3997 731 4060 Guels.
742 3999 772 4072 d.
792 4000 948 4059 memobnn
966 4018 1022 4059 esse
1041 3999 1102 4060 Bas.
1117 4021 1148 4060 ι..
1164 4000 1274 4063 Fabric.
1295 4021 1336 4059 m.
1347 4021 1392 4082 pr.
1416 4001 1514 4066 Guels.
1529 4022 1554 4062 1.

162 4127 189 4167 ι.
200 4108 229 4179 4.
245 4128 289 4167 ιο.
311 4106 393 4166 Leid.
404 4109 431 4166 1.
443 4105 513 4167 Tur.
535 4126 637 4186 mpr.

240 4234 313 4319 Cap.
326 4237 376 4298 32.
395 4255 469 4317 atqu
484 4234 651 4296 tuttundo
664 4237 759 4318 longe·
767 4235 890 4316 plurimi
904 4233 983 4295 libri.
1004 4235 1035 4294 in
1048 4236 1146 4295 multis
1157 4246 1254 4296 tamen
1269 4254 1392 4312 puepos.
1411 4235 1443 4296 in
1455 4236 1556 4298 seiun-
