3850 4867
392 271 463 343 256

390 448 521 549 Neque
542 447 645 523 enim
667 446 881 552 ignorantia
902 470 959 522 res
979 446 1133 557 claudit
1165 449 1312 523 Verum
1335 441 1535 549 occuparit
1554 438 1677 515 nereio
1703 466 1779 540 qua

391 597 455 647 ros
473 570 648 675 torpedo,
673 570 740 673 qui
764 596 841 646 non
865 568 985 675 gloria
1004 570 1208 645 movemini
1232 592 1357 671 neque
1381 565 1547 670 flagitio,
1568 578 1782 662 cunctaque

393 694 568 801 praeoenti
594 694 742 798 ignavia
772 693 1006 783 mumistia,
1036 693 1192 769 abunde
1212 691 1427 768 libertatem
1446 688 1536 778 rati,
1561 687 1653 789 quia
1675 687 1783 789 tergi8
1855 669 1856 688 2

394 818 608 891 abstinetur
630 834 669 892 et
688 814 768 890 huc
788 816 843 890 ire
873 815 962 891 licet
984 834 1022 891 et
1047 817 1159 905 illuc,
1181 820 1342 891 inunera
1367 813 1506 888 ditium
1530 810 1779 886 dominorum.

394 944 519 1042 Atque
540 938 619 1013 baec
636 938 767 1016 eadem
788 966 869 1013 non
880 955 972 1013 tunt
986 941 1211 1043 agrestibus3
1234 937 1299 1013 sed
1313 934 1515 1011 caeduntur
1535 934 1637 1009 inter
1654 950 1784 1039 poten·

396 1063 494 1139 tium
513 1062 733 1139 inimicitias
750 1062 928 1164 donoque
952 1062 1097 1137 dantur
1119 1063 1160 1137 in
1182 1060 1397 1165 provincias
1413 1058 1698 1162 magistratibus„
1729 1060 1783 1129 lta

395 1200 593 1293 pugnatur
612 1202 651 1260 et
673 1186 843 1262 vincitur
854 1186 1002 1289 paucis:
1016 1184 1159 1289 plebes,
1174 1183 1444 1287 quodcumque
1462 1181 1618 1271 accidit,
1632 1206 1701 1283 pro
1713 1180 1784 1254 uio-

396 1311 443 1385 tit
469 1326 523 1384 est
540 1326 579 1383 et
600 1308 641 1382 in
665 1308 744 1383 dies
764 1309 879 1415 magis
906 1310 1003 1383 erit:
1027 1309 1058 1383 si
1087 1307 1243 1411 quidem
1271 1307 1413 1383 maiore
1444 1333 1537 1383 cura
1565 1306 1784 1381 dominatio-

396 1460 485 1509 nem
509 1432 567 1507 illi
589 1431 836 1522 retinuerint,
862 1458 980 1534 quam
1000 1457 1064 1506 roo
1087 1430 1331 1535 repetiveritis
1351 1430 1572 1506 libertatem.
1703 1480 1710 1487 -

486 1562 541 1630 23.
568 1558 771 1655 Postquam
788 1558 952 1659 ‘egressus
976 1555 1173 1659 angmtiae.
1190 1601 1239 1617 -
1264 1571 1321 1647 24.
1345 1553 1405 1629 ad
1431 1553 1610 1655 Cyzicum
1626 1552 1784 1656 porrexit

401 1676 571 1751 firmatus
590 1676 718 1750 animi.
743 1720 793 1735 -
821 1676 875 1751 25.
902 1678 954 1751 Ut
971 1678 1154 1752 sustinere
1182 1703 1340 1780 corpora
1360 1676 1534 1780 plerique
1561 1692 1785 1778 nequeuntes

401 1798 533 1897 [lessi]
559 1825 663 1873 arma
686 1824 752 1873 sua
774 1798 935 1901 quisque
956 1815 1058 1873 stans
1079 1799 1325 1875 incumberet
1349 1844 1400 1860 -
1425 1801 1482 1872 26.
1510 1801 1563 1875 Ac
1585 1799 1712 1873 atatim
1732 1800 1784 1874 fu·

402 1922 525 2027 giuvi,
552 1938 686 1997 contra·
705 1937 938 2025 praeceptum
954 1922 1080 2012 ducis,
1104 1949 1237 2026 rapere
1255 1922 1305 1997 ad
1328 1929 1507 2025 stuprum
1533 1921 1694 2027 virgines
1715 1951 1785 1997 ma-

404 2061 615 2148 tronasque
641 2094 691 2107 --
717 2070 773 2143 27.
797 2043 949 2139 Quibus
969 2071 991 2117 a
1017 2045 1368 2149 Sertoriotriplicet
1390 2045 1536 2120 insidiae
1557 2046 1785 2149 peridoneus

402 2148 519 2243 saltus
544 2169 673 2272 positae
689 2183 824 2243 erant:
849 2166 990 2270 prima,
1015 2166 1084 2269 qui
1103 2166 1201 2243 sorte
1223 2168 1414 2243 venientes
1435 2168 1716 2271 exciperent-
1738 2174 1782 2244 rt.

322 2294 326 2299 ’
403 2294 541 2396 Ingens
563 2291 641 2394 ipae
669 2288 810 2365 virium
843 2304 958 2391 atque
985 2289 1114 2363 animi.
1138 2332 1189 2347 --
1213 2286 1269 2386 2'9.
1289 2293 1434 2365 Locum
1457 2291 1629 2385 nullum,
1657 2294 1726 2369 nisi
1749 2295 1783 2367 in

406 2442 484 2519 quo
507 2413 644 2488 armati
670 2412 976 2487 institissent-
1009 2418 1065 2487 30.
1090 2416 1140 2486 At
1164 2412 1314 2516 Oppius
1338 2430 1541 2517 postquam
1559 2442 1671 2491 orans
1697 2416 1782 2493 nibil

407 2534 652 2640 proficiebat,
689 2534 822 2609 timide
841 2548 941 2609 veste
972 2548 1113 2610 tectum
1139 2536 1346 2639 pugionem
1367 2536 1542 2640 expedire
1571 2556 1738 2631 conatus,
1764 2568 1781 2613 a

410 2662 519 2735 Cotta
554 2657 769 2761 Vulcioque
800 2656 1017 2760 impeditur.
1059 2698 1108 2715 -
1143 2664 1199 2733 31.
1225 2659 1438 2761 Castriaque
1467 2659 1640 2751 collatis,
1673 2690 1782 2768 pugna

411 2797 537 2856 tamen
566 2780 718 2883 ingenio
748 2779 822 2854 loci
847 2778 1131 2883 prohibebatur.
1156 2824 1207 2840 -
1238 2785 1294 2854 32.
1319 2782 1392 2855 Sed
1411 2783 1609 2887 Pompeius
1634 2814 1657 2861 a
1678 2788 1781 2890 prima

275 3000 280 3011 ‚
411 2902 685 2995 adulescentia,
707 2928 878 2979 sermone
906 2902 1102 2978 fautorum
1125 2902 1288 2979 similem
1306 2902 1387 2980 sore
1411 2929 1450 2980 te
1469 2906 1625 2985 credens
1642 2910 1779 2987 Alexan·

410 3146 462 3190 vot
482 3126 577 3189 nereio
599 3146 663 3207 quae
675 3132 773 3211 vulgo.
795 3127 864 3207 quia
877 3148 939 3189 non
950 3125 1048 3207 gloria
1064 3126 1157 3188 Vatia.
1178 3126 1232 3206 qui
1248 3147 1310 3186 non
1321 3126 1406 3189 Febr.
1425 3127 1501 3190 Brie.
1528 3129 1635 3191 retum
1656 3129 1719 3210 quia
1733 3142 1779 3191 ter·

408 3231 455 3314 gt
472 3232 632 3294 abutimur
649 3234 689 3293 ita
711 3231 771 3295 hee
785 3232 885 3293 laudat
901 3232 980 3295 Serv.
990 3232 1062 3292 Aen.
1077 3233 1197 3307 1,·215.
1216 3231 1375 3293 vincitura
1384 3234 1498 3312 paucis.
1514 3254 1535 3295 a
1547 3234 1655 3298 delerit
1671 3235 1777 3307 Cortiu3

410 3338 613 3399 recusantum
633 3336 743 3397 iudico.
1722 3352 1737 3366 '

414 3440 461 3502 rt.
483 3440 519 3501 G.
531 3446 577 3503 Fr.
590 3461 724 3524 egmuu.
736 3472 777 3489 -
799 3440 846 3512 al.
868 3440 910 3500 id.
925 3444 1012 3517 finit.
1032 3470 1074 3489 -
1096 3440 1144 3501 25.
1163 3439 1207 3506 id.
1229 3440 1356 3501 incumb.
1375 3442 1426 3503 ted
1443 3442 1555 3502 iratam
1571 3440 1678 3517 babet,
1695 3465 1777 3526 perpe-

412 3565 474 3604 ram
481 3566 491 3617 ς
502 3544 579 3623 seori
595 3566 683 3606 armo
697 3566 751 3607 tuo
764 3546 880 3624 qtu'ath
894 3554 1002 3605 domet
1020 3540 1184 3604 inermem
1202 3542 1281 3607 Sem.
1301 3543 1373 3605 Aen.
1384 3565 1419 3625 9,
1440 3565 1508 3627 ²²9·
1528 3578 1570 3594 -
1601 3547 1650 3609 26.
1669 3549 1734 3610 Non.
1749 3550 1774 3621 6,

413 3649 514 3721 44.-
536 3666 584 3730 27.
604 3648 836 3727 quibua-prima
854 3648 932 3711 Serv.
947 3644 1053 3729 θοοῖς.
1068 3667 1104 3721 a,
1121 3647 1178 3730 983
1189 3658 1280 3709 cetera
1299 3648 1380 3728 apud
1394 3648 1520 3710 eundem
1539 3651 1578 3709 ad
1587 3652 1660 3713 Aen.
1672 3654 1774 3734 11,896.

413 3756 559 3833 leguntur.
578 3750 628 3811 aed
642 3750 739 3811 Codd.
766 3774 855 3835 quam
878 3751 1003 3813 maxime
1023 3752 1151 3825 variant,
1179 3750 1287 3831 primo.
1299 3752 1390 3829 sonte
1411 3756 1517 3835 pretim
1534 3757 1679 3835 leguntur.
1703 3758 1774 3839 primo
1852 3783 1855 3796 ·

413 3855 500 3917 amice
519 3874 620 3918 verum
638 3874 705 3930 esre,
725 3856 795 3916 inde
811 3864 909 3936 patet,
929 3854 1011 3936 quod
1026 3854 1140 3917 Serviat
1157 3852 1241 3916 bunc
1258 3857 1357 3915 locum
1378 3854 1518 3932 laudarit,
1534 3869 1568 3919 ut
1583 3860 1690 3921 inuidia
1700 3865 1773 3944 tingu-

414 3960 469 4020 lrri
486 3978 609 4019 numero
627 3960 782 4021 aSaluttio
805 3960 917 4021 dictum
931 3978 991 4019 etse
1008 3956 1222 4041 comprobaret.
1240 3991 1282 4008 ·-
1304 3959 1351 4020 28.
1373 3960 1408 4021 C.
1422 3961 1469 4021 Fr.
1490 3962 1607 4043 ingr-
1628 3966 1771 4048 acidino.

332 4099 338 4108 .
415 4060 1770 4157 -³0·N01¹·182,o·-3¹·id·b²3⁵·-inid-tntutieormpomw
1853 4097 1854 4152 p

417 4166 1173 4253 legiturclr.9‚rd.-53.&Pudnu-34.
1199 4166 1401 4249 mgnum
1428 4172 1766 4253 qqpom’mffi
1853 4181 1854 4186 ,
