3850 4867
1525 361 1571 464 57

164 529 325 615 illoram
345 567 435 639 esse;
458 545 524 624 sed
543 543 718 654 plerique
738 545 917 625 mortales
933 563 1121 654 postrema
1134 545 1358 637 meminere,
1382 558 1422 620 et
1440 543 1484 619 in
1501 539 1590 620 lio-s

133 723 139 734 .
162 659 336 744 minibus
353 667 480 775 impiis
496 674 642 750 sceleris
659 701 792 751 eorum
808 673 917 750 obliti
932 673 981 750 de
992 699 1110 778 poena
1126 671 1332 762 disserunt,
1347 669 1379 746 si
1393 695 1437 745 ea
1460 666 1573 774 paul·
1609 750 1613 756 ,

161 781 204 859 lo
223 792 387 868 severior
408 794 492 872 fuir.
526 799 574 874 D.
592 799 794 891 Silanum,
816 801 942 875 virum
968 798 1107 876 fortem
1127 814 1243 901 atque
1260 812 1481 886 strenuum,
1493 819 1593 872 oen.

163 921 204 983 te
231 913 331 1006 seio,
357 943 444 1021 quae
463 919 623 1016 dixerit,
644 924 771 1000 studio
799 924 1022 1028 reipublice
1056 922 1209 1013 dixisse,
1234 945 1360 1025 neque
1388 917 1593 997 illum-..ia
1695 929 1698 937 '

163 1047 275 1113 tanta
311 1067 353 1116 re
388 1045 551 1149 gratiam
579 1065 647 1124 aut
682 1049 901 1126 inimicitias
932 1072 1130 1138 exercere3
1164 1074 1225 1123 eos
1262 1069 1384 1122 mores
1413 1067 1574 1148 eamque

160 1161 388 1242 modestiam
403 1170 476 1246 viri
495 1173 661 1278 cognovi.
712 1177 858 1250 Verum
869 1173 1058 1250 sententia
1075 1173 1156 1247 eius
1172 1170 1270 1246 mihi
1291 1198 1373 1247 non
1386 1168 1573 1261 crudelis,

159 1287 260 1390 qnid
277 1293 382 1368 enim
401 1293 442 1371 in
460 1295 545 1372 talis
564 1296 739 1376 homines
767 1299 922 1376 crudele
945 1299 1027 1375 lieri
1044 1301 1194 1403 potestl
1218 1296 1283 1373 sed
1316 1295 1440 1371 aliena
1468 1320 1491 1369 a
1513 1317 1590 1370 re·.

157 1413 318 1514 publiea
341 1435 471 1496 nostra
490 1421 651 1498 videtur.
698 1424 795 1500 Nam
822 1423 994 1527 profecto
1023 1439 1093 1498 aut
1108 1438 1252 1512 metus,
1277 1435 1346 1495 aut
1370 1418 1514 1495 iniuria
1535 1433 1594 1494 te.

156 1537 325 1646 subegit,
349 1543 478 1621 Silene
491 1604 501 1638 ,
515 1548 719 1624 Consulem
736 1549 990 1654 designatum,
1008 1572 1126 1652 genus
1142 1571 1268 1652 poenae
1287 1570 1432 1620 novum
1445 1543 1573 1620 decer-

158 1690 261 1740 nere.
283 1668 367 1744 :De
385 1670 521 1746 timore
538 1699 865 1778 supervacaneum
886 1690 941 1750 est
958 1673 1154 1763 disserere,
1179 1698 1304 1774 quum
1321 1666 1496 1774 praesenti
1512 1667 1572 1743 di·
1608 1732 1611 1738 .

156 1786 316 1894 ligentia
333 1794 545 1873 clarissumi
567 1798 640 1873 viri
666 1797 840 1877 Consulis
869 1813 975 1873 tanta
997 1795 1173 1901 praesidia
1189 1796 1268 1870 sint
1289 1794 1332 1869 in
1353 1792 1476 1868 armis.
1511 1793 1573 1867 De

158 1939 278 2018 poena
299 1945 498 2022 possumus
520 1923 699 2028 equidem
719 1924 844 2000 dicere
862 1923 923 2014 id,
948 1921 1054 2028 quod
1076 1946 1133 1996 nm
1154 1920 1270 1996 habet
1291 1950 1299 1992 ε
1327 1919 1368 1993 in
1385 1916 1495 1992 luctu
1513 1932 1572 1992 at»

159 2065 239 2141 que
259 2043 417 2121 miseriis
449 2065 611 2125 mortem
640 2075 900 2126 aerumnorum
925 2046 1098 2150 requiem
1130 2072 1212 2148 non
1239 2043 1454 2119 cruciatum
1474 2065 1570 2131 esse,

158 2190 248 2241 eam
272 2187 414 2246 cuncta
436 2173 660 2249 mortalium
679 2174 781 2248 mala
805 2172 1024 2247 dissolvere:
1050 2169 1152 2245 ultra
1175 2194 1302 2272 neque
1324 2191 1426 2241 curae
1447 2189 1574 2267 neque

154 2291 300 2395 gaudio
325 2293 454 2370 locum
485 2321 568 2372 esse.
619 2297 712 2389 Sed,
737 2324 807 2400 per
841 2296 928 2371 deos
957 2293 1214 2370 immortalis!
1251 2290 1502 2395 quamobrem
1530 2288 1572 2363 in

153 2418 388 2494 sententiam
408 2447 489 2496 non
511 2420 711 2512 addidisti,
736 2421 794 2496 uti
811 2420 919 2525 prius
937 2418 1158 2494 verberibus
1180 2417 1222 2491 in
1245 2442 1307 2492 eos
1330 2411 1592 2490 animadvor?

157 2545 332 2619 teretur?
358 2571 427 2636 an,
452 2545 545 2647 quia
566 2544 626 2620 lex
646 2545 779 2621 Porcia
798 2547 928 2621 vetati
945 2558 986 2618 at
1005 2542 1091 2618 aliae
1109 2541 1205 2646 leges
1227 2541 1319 2616 item
1340 2539 1574 2616 condemna·

156 2663 208 2740 tis
234 2665 379 2743 civibus
399 2694 480 2744 non
501 2667 672 2744 animam
692 2669 809 2774 eripi,
831 2667 897 2744 sed
917 2667 1078 2744 exilium
1103 2665 1276 2772 permitti
1295 2665 1439 2740 iubent.
1489 2666 1591 2752 An,'·

154 2789 251 2891 quia
278 2791 429 2896 gravius
457 2807 513 2869 est
530 2791 727 2904 'verberari
752 2820 871 2897 quam
898 2791 1062 2868 necaril
1092 2790 1190 2894 quid
1216 2807 1347 2866 autem
1371 2789 1590 2878 acerbum,-

154 2987 228 3049 mie.
243 2988 341 3051 Guell.
354 2991 381 3052 5.
396 2989 447 3053 Ao.
467 3010 588 3072 eamque
609 2990 783 3054 modestiam
794 2993 863 3058 viri,
879 3011 933 3072 que
948 3012 1011 3052 om.
1029 2991 1089 3051 ine.
1109 2975 1146 3051 2.
1158 2989 1254 3051 Struv.
1277 2987 1375 3049 Guell.
1390 2975 1436 3052 ia.
1456 2977 1508 3048 itii
1522 2991 1590 3047 ota·

153 3114 214 3174 quo
231 3115 296 3155 eom
310 3095 369 3156 Eri.
389 3105 477 3176 otqtte
490 3100 612 3160 modest.
625 3098 707 3160 leid.
717 3097 750 3159 h.
771 3097 915 3160 sementia
926 3096 986 3158 tries
999 3095 1077 3157 milti
1085 3115 1148 3157 non
1158 3095 1296 3159 erudelis.
1316 3092 1375 3154 eius
1392 3114 1454 3152 om.
1472 3092 1571 3152 Guell.

155 3221 191 3265 2.
200 3200 266 3267 Eoo.
278 3201 347 3262 vin.
357 3223 385 3263 2.
401 3223 463 3264 non
476 3203 553 3263 mihi
565 3203 692 3266 erudelis
701 3203 798 3265 Gueli.
808 3205 838 3264 6.
851 3225 897 3264 ιο.
911 3203 973 3278 alil,
985 3201 1048 3261 Bas.
1061 3197 1091 3267 3.
1101 3201 1188 3262 Bern.
1203 3220 1232 3261 2.
1243 3204 1272 3262 3.
1284 3208 1338 3274 est,
1348 3218 1420 3273 esse,
1431 3197 1573 3258 videntur

152 3305 273 3368 addunt
288 3308 385 3372 Strui.
401 3312 462 3370 ine.
477 3309 551 3370 Vin.
566 3329 592 3374 ι.
610 3307 694 3370 Rem.
707 3330 733 3369 1.
754 3309 816 3369 Bas.
827 3329 853 3370 2.
865 3310 894 3381 i.
916 3307 1014 3368 Guell.
1025 3308 1056 3367 6.
1067 3330 1096 3388 7.
1118 3307 1203 3374 ilem.
1216 3325 1245 3371 2.
1265 3301 1431 3375 toSilione,
1451 3301 1572 3382 subegit,

154 3431 238 3473 com.
253 3413 343 3494 deam.
364 3414 426 3476 Bas.
446 3437 472 3476 ι.
491 3435 701 3496 supermontem
716 3423 757 3477 est
784 3415 846 3476 Bas.
859 3436 888 3476 2.
908 3414 978 3477 Vin.
991 3433 1019 3475 2.
1036 3413 1177 3496 presenti
1191 3409 1346 3492 diligentia
1364 3409 1427 3469 Bas.
1444 3429 1471 3470 ι.
1491 3419 1573 3472 retus

155 3517 285 3580 Putsehii
303 3519 380 3581 Cod.
396 3521 559 3600 praesertim
575 3522 672 3582 ceteri.
689 3541 839 3604 possennus
858 3499 993 3601 equdem
1012 3540 1115 3581 omnm
1129 3521 1187 3580 fero
1198 3517 1288 3582 Palat.
1315 3513 1412 3581 Guels.
1427 3515 1455 3575 5.
1471 3515 1501 3576 6.
1522 3516 1589 3577 olii·

153 3625 254 3707 pauci.
277 3625 359 3684 Loid.
373 3626 403 3691 d.
417 3648 442 3688 e.
456 3648 497 3686 m.
511 3648 541 3692 n.
563 3626 624 3686 Bas.
635 3626 664 3688 5.
686 3625 804 3706 quidm
814 3645 964 3709 pommus
975 3623 1035 3691 Eri,
1055 3625 1189 3704 oqrtidem
1195 3641 1345 3702 possumus
1358 3620 1428 3681 Tur.
1444 3643 1470 3682 ι.
1485 3619 1571 3686 Bern.

159 3751 186 3790 1.
205 3750 323 3810 possum
337 3735 425 3814 longe
439 3735 518 3813 plur.
539 3731 573 3791 in
591 3728 732 3791 sententio
748 3750 811 3791 non
826 3731 879 3790 od.
892 3727 990 3790 Guell.
1008 3730 1036 3790 5.
1047 3731 1144 3792 Stmv.
1159 3727 1290 3789 laidus.
1311 3727 1345 3788 in
1360 3727 1429 3788 exii.
1441 3726 1576 3809 permitti

156 3839 291 3918 quinque
313 3834 440 3903 Gruteri.
461 3837 522 3903 Bas.
536 3857 564 3902 2.
584 3837 654 3902 Vin.
674 3857 699 3896 ι.
721 3835 817 3897 Strur.
847 3836 946 3896 Guell.
969 3859 994 3901 r.
1012 3848 1042 3907 4.
1063 3859 1092 3918 7.
1106 3837 1136 3896 8.
1157 3836 1218 3895 ino.
1238 3855 1265 3900 2.
1286 3833 1355 3895 Eoo.
1376 3854 1482 3900 moes.
1502 3832 1572 3916 Τις.

154 3943 226 4002 Tur.
240 3964 266 4003 ι.
282 3963 385 4005 tumeo.
399 3963 462 4003 non
473 3943 607 4004 anienem
619 3941 693 4024 eripi
704 3941 766 4007 Bas.
780 3963 805 4001 ι.
816 3941 845 4003 5.
861 3942 930 4002 Tur.
947 3963 973 4002 1.
988 3961 1015 4002 2.
1031 3941 1116 4006 Beru.
1131 3940 1406 4004 1.3.leid.d.e.lr.
1421 3958 1484 4000 non
1495 3960 1574 4022 pne·

156 4059 278 4130 ponunt
295 4051 399 4127 etiarn,
418 4049 468 4112 sed
481 4048 576 4109 vitum
593 4051 695 4136 legunt
713 4045 795 4108 Laid.
812 4068 839 4108 o.
859 4048 880 4108 i.
900 4045 1025 4107 Borma.
1052 4045 1114 4104 Bas.
1126 4067 1152 4110 2.
1164 4045 1194 4116 d.
1221 4045 1355 4106 animum
1372 4048 1574 4107 adverteretur

156 4154 243 4216 Bern.
257 4177 284 4216 2.
312 4177 354 4216 m.
367 4175 425 4218 soc.
453 4153 541 4216 nimis
559 4173 652 4237 grove
674 4164 723 4217 est.
744 4163 784 4216 est
806 4157 905 4216 locum
929 4162 1023 4214 mutat
1043 4154 1074 4211 in
1098 4150 1196 4211 Guell.
1216 4164 1245 4224 4.
1266 4152 1325 4213 inc.
1342 4171 1369 4212 2.
1386 4151 1506 4232 gravius
1522 4161 1573 4212 est.

1119 4285 1143 4358 8
