3850 4867
376 266 445 359 ut

372 439 482 514 tibus⁴
499 455 726 544 temperare,
750 435 818 539 qui
843 461 912 539 per
933 433 1181 508 ambitionem
1198 455 1273 506 sese
1287 430 1424 536 probos
1440 431 1684 508 simulavere:
1700 431 1768 506 mi·

370 561 430 652 hi,
457 563 526 665 qui
548 589 699 636 omnem
719 575 867 634 tetatem
882 557 924 631 iu
946 554 1112 660 optumis
1134 555 1278 630 artibus
1298 556 1374 662 egi,
1399 553 1617 631 benefacere
1635 554 1713 628 iam
1726 581 1768 629 ex

371 685 647 764 consuetudine
665 683 707 758 in
725 699 904 756 naturam
930 679 1053 755 vortit
1092 677 1239 756 Bellum
1258 704 1462 785 sucgerere
1484 705 1574 756 cum
1585 677 1769 784 Iugurtha

370 809 545 902 iussistis3
571 834 688 909 quam
723 832 803 880 rem
830 802 1010 877 nobilitas
1044 827 1248 906 oegerrume
1278 800 1376 878 tulit
1419 801 1573 900 QuaesO,
1599 817 1770 906 reputate

371 957 461 1005 oum
490 929 627 1004 animis
652 928 798 1017 restris,
822 949 919 1002 num
948 924 989 998 id
1013 924 1156 999 mutari
1178 922 1313 999 melius
1336 924 1386 1000 sit
1399 957 1411 1019 3
1443 925 1474 1000 si
1494 951 1609 1028 quem
1627 952 1673 1002 ex
1705 925 1771 1000 illo
1900 961 1901 996 l

369 1053 482 1160 globo
505 1050 716 1128 nobilitatis
739 1047 789 1125 ad
818 1046 893 1123 hoe
911 1062 980 1123 aut
1002 1046 1112 1122 aliud
1133 1047 1207 1122 tale
1226 1047 1422 1154 negotium
1445 1048 1624 1140 mittatis,
1648 1047 1772 1124 homi·

370 1204 461 1254 nem
481 1177 614 1254 veteris
635 1173 820 1280 prosapiae
843 1198 892 1247 ae
921 1169 1134 1247 multarum
1160 1170 1371 1276 imaginum
1396 1189 1435 1248 et
1457 1173 1603 1248 nullius
1632 1174 1774 1278 stipen-

369 1300 448 1376 dii:
471 1300 634 1388 seilicet,
657 1314 703 1372 ut
726 1296 769 1372 iu
794 1312 902 1371 tanta
924 1321 985 1386 re,
1009 1293 1163 1401 ignauis
1180 1293 1373 1387 omnium,
1400 1297 1578 1402 trepidet,
1604 1294 1775 1388 festinet,

369 1440 496 1502 sumat
526 1422 695 1525 aliquem
720 1446 767 1496 ex
793 1417 940 1525 populo
961 1417 1190 1494 munitatem
1213 1419 1324 1496 officii
1353 1419 1423 1496 sui.
1464 1424 1521 1495 Ita
1544 1419 1774 1525 plerumque

370 1546 516 1635 evenit,
540 1561 586 1619 ut
605 1570 721 1646 quem
738 1565 802 1616 vos
826 1543 1013 1646 imperare
1030 1542 1200 1632 iussistis,
1223 1543 1252 1616 is
1271 1541 1343 1617 sibi
1364 1543 1630 1648 imperatorem
1652 1545 1775 1620 alium

369 1685 525 1775 quaerat
573 1671 699 1770 Atque
726 1692 793 1770 ego
813 1665 910 1756 scio,
936 1665 1124 1762 Quirites,
1149 1663 1236 1768 qui,
1262 1683 1463 1770 postquam
1485 1669 1664 1744 Consules
1682 1667 1776 1744 sacti

369 1807 479 1882 sunt,
492 1806 587 1894 acta
607 1789 797 1865 maiorum
825 1804 863 1862 et
891 1789 1115 1863 Graecorum
1139 1787 1318 1865 militaria
1341 1805 1528 1896 praecepta
1553 1790 1673 1897 legere
1698 1821 1777 1868 coe-

367 1914 514 2020 perint3
537 1912 754 2020 praeposteri
776 1909 957 1986 homiues
999 1913 1097 1986 Nam
1118 1937 1245 2014 gerere
1269 1940 1386 2014 quam
1408 1913 1489 1988 lieri
1513 1931 1680 2020 tempore
1704 1945 1776 2021 po-
1901 1991 1902 2031 ,

366 2040 517 2129 sterius,
543 2064 584 2114 re
606 2052 723 2138 atque
743 2059 816 2109 usu
841 2033 947 2138 prius
969 2050 1032 2110 est
1069 2036 1294 2137 Comparate
1319 2063 1444 2129 nunc,
1470 2036 1658 2135 Quirites,
1684 2069 1779 2116 cum

368 2163 526 2238 illorum
546 2159 724 2265 superbia
747 2185 809 2232 me
825 2155 1027 2232 hominem
1054 2185 1206 2232 novum.
1243 2159 1339 2256 Quae
1362 2159 1419 2233 illi
1446 2159 1578 2235 audire
1600 2179 1637 2236 et
1655 2163 1779 2269 legeie

365 2285 504 2373 solent,
527 2307 662 2358 eorum
686 2295 835 2384 partem
859 2279 957 2368 vidi,
983 2279 1057 2353 alia
1081 2296 1227 2384 egomet
1252 2281 1363 2384 gessi:
1387 2309 1472 2384 quae
1492 2283 1549 2357 illi
1570 2283 1706 2376 literis,
1729 2315 1778 2363 ea

367 2435 434 2512 ego
452 2403 655 2482 militando
675 2399 804 2478 didici.
855 2402 969 2476 Nunc
989 2427 1051 2478 vos
1074 2402 1314 2493 existumem,
1338 2403 1437 2479 facta
1459 2433 1510 2481 an
1530 2405 1631 2484 dicta
1652 2410 1780 2514 pluris

366 2531 452 2606 sint
493 2531 755 2603 Contemnunt
772 2523 980 2601 novitatem
1000 2551 1122 2600 meam
1130 2557 1141 2618 ς
1166 2551 1233 2632 ego
1257 2525 1413 2601 illorum
1438 2527 1648 2634 ignaviam:
1674 2531 1776 2608 mihi

367 2652 537 2740 fortuna,
563 2648 639 2724 illis
656 2648 797 2753 probra
816 2646 1083 2739 oblectantur-3
1114 2673 1350 2752 quamquam
1369 2677 1437 2754 ego
1456 2669 1635 2728 naturam
1653 2683 1780 2734 unam

363 2791 405 2849 et
428 2765 670 2849 communem
694 2769 868 2847 omnium
896 2769 1097 2860 existumo,
1121 2769 1186 2846 sed
1207 2769 1467 2850 fortissumum
1495 2803 1684 2882 quemque
1709 2809 1778 2886 ge-

366 2897 668 2972 nerosissumum
728 2897 784 2970 Ao
811 2893 844 2969 si
879 2891 956 2968 iam
979 2921 1026 2968 ex
1052 2893 1225 2997 patribus
1245 2895 1375 2972 Albini
1406 2914 1474 2974 aut
1497 2901 1624 2976 Bestiae
1652 2909 1777 3006 quaeri

363 3035 505 3127 posset,
524 3044 636 3095 mene
654 3045 705 3093 an
727 3014 812 3094 illos
833 3041 935 3109 exse
954 3015 1058 3122 gigni
1074 3015 1300 3114 maluerint3
1328 3019 1422 3122 quid
1439 3005 1679 3128 responsuros
1694 3055 1781 3105 cre.

366 3243 395 3302 7.
411 3241 457 3280 ιο.
470 3239 515 3278 ιι.
534 3217 615 3282 Leid.
630 3214 693 3281 th.
705 3217 777 3280 im.
791 3235 823 3280 n,
842 3211 946 3284 eut
966 3210 1206 3278 mutaveram
1225 3213 1286 3274 llas.
1299 3215 1326 3287 l.
1347 3215 1443 3280 Tun'e.
1463 3215 1548 3286 Bern.
1562 3244 1587 3282 ι.
1609 3222 1687 3284 Leid.
1702 3248 1730 3292 a.
1745 3253 1776 3297 c,

364 3346 390 3384 o.
402 3327 460 3408 fig.
470 3321 540 3383 tnk
566 3321 642 3382 illud
657 3322 789 3380 meliores
802 3318 898 3390 nivii,
919 3317 1053 3390 emani,
1070 3317 1164 3378 Cottii
1186 3319 1373 3382 confirmant.
1393 3343 1464 3384 raam
1484 3333 1598 3387 mutare
1613 3327 1645 3388 id
1663 3329 1725 3390 Bas.
1745 3355 1777 3394 ι,

365 3436 481 3486 mutare
494 3435 629 3508 praeterea
650 3422 783 3485 scribunt
801 3429 903 3487 liano.¹
923 3419 1327 3504 Guell.l.11.·etperitula
1346 3424 1463 3488 laide.
1484 3427 1545 3490 Bas.
1558 3452 1583 3490 1.
1603 3443 1693 3494 maaet
1713 3415 1779 3496 Fa'.

365 3527 437 3589 brie.
458 3529 517 3592 ino.
535 3548 563 3588 a.
581 3529 678 3589 senat
692 3547 722 3586 a.
741 3525 843 3587 nean.
861 3527 930 3588 vin.
945 3545 974 3586 a.
995 3524 1170 3587 monitorem
1185 3527 1232 3588 sui
1246 3529 1335 3609 officii
1355 3529 1438 3592 Fabr.
1458 3533 1556 3596 Turio.
1576 3536 1661 3600 Bern.
1680 3561 1706 3600 t.
1726 3543 1781 3602 sui

365 3652 427 3692 om.
447 3633 516 3693 vm.
535 3631 740 3713 imperatorem
758 3631 961 3693 iua.vin.1.
990 3629 1131 3712 t'sinper.
1147 3629 1240 3692 alium
1255 3653 1284 3712 q·
1309 3633 1377 3698 vin.
1391 3656 1417 3694 1.
1438 3633 1498 3703 Bas.
1518 3661 1543 3700 1.
1570 3644 1629 3702 ine.
1649 3663 1676 3704 a.
1704 3643 1779 3708 lice.

362 3734 549 3817 -GuolM0-9.
561 3755 609 3796 aa.
628 3735 706 3794 Paria
718 3733 749 3794 h.
764 3756 790 3795 o.
812 3734 837 3796 ia
855 3755 917 3798 om.
937 3734 1017 3800 Vrat.
1033 3757 1059 3795 1.
1078 3735 1257 3816 sistuanus
1275 3737 1359 3804 Bora.
1376 3761 1402 3800 1.
1427 3749 1460 3802 ut
1471 3763 1525 3824 ega
1540 3746 1600 3808 seio
1617 3749 1657 3811 ric
1668 3754 1774 3834 vulgo·

364 3837 451 3918 atqui
462 3838 533 3902 Tur.
553 3859 660 3900 mooe.
680 3848 767 3920 atquo
783 3839 871 3922 pauni
885 3836 921 3897 G.
937 3837 1015 3900 libri.
1034 3839 1154 3924 Leid.g,
1166 3837 1351 3909 utute.
1373 3849 1458 3908 Paria.
1471 3870 1499 3908 a.
1513 3849 1542 3909 b.
1553 3875 1579 3912 c.
1592 3875 1616 3918 a.
1637 3853 1696 3922 Erl.
1709 3856 1778 3930 Bar,

370 3945 438 4017 nl.
470 3943 597 4040 (ὶιιίιῦα
616 3964 678 4004 οιιι.
698 3943 766 4004 llas.
786 3962 863 4003 uuus
876 3940 990 4003 Wauii.
1010 3942 1095 4021 sacti
1111 3955 1189 4007 auru.
1208 3956 1276 4007 stant
1303 3968 1363 4010 om.
1384 3949 1470 4014 Bam.
1489 3975 1514 4016 ι.
1537 3969 1672 4040 pmpoat.
1687 3951 1776 4028 hona.

365 4047 690 4122 Bas.1.l.llem.t.3.
709 4055 852 4127 aunum
866 4044 926 4107 uita
947 4048 1033 4109 Paris.
1049 4047 1081 4116 b.
1106 4049 1174 4112 Son.
1190 4069 1217 4111 1.
1238 4049 1348 4128 Balsio.
1371 4076 1396 4116 1.
1416 4054 1500 4120 llam.
1520 4081 1545 4122 ι.
1568 4062 1665 4124 Guell.
1682 4065 1713 4126 3.
1733 4089 1776 4130 ea

363 4175 420 4238 ego
437 4152 534 4217 dudm
544 4153 702 4216 mi'dwmo
721 4150 781 4214 huo
793 4149 1057 4214 numanum
1077 4174 1110 4217 ea
1125 4175 1189 4217 om.
1211 4153 1311 4222 Vinar.
1323 4179 1350 4222 a.
1369 4159 1482 4224 Vratial.
1495 4163 1524 4227 3.
1542 4168 1685 4250 matinanta
1704 4171 1778 4236 Vin.
