3850 4867
398 332 422 408 8

499 530 591 613 cod.
612 532 704 611 VII.
741 532 802 635 (1.
819 536 902 637 91.)
929 518 1158 615 Charlaceus
1179 536 1245 615 sed
1269 564 1290 613 a
1313 537 1417 614 bono
1433 536 1537 615 libro
1564 536 1786 649 descriptum

395 646 444 725 de
464 649 567 728 bello
590 650 835 756 Iugurthino.
873 656 1011 729 Insunt
1032 672 1213 759 practerea
1231 654 1422 731 nonnulla
1442 682 1487 730 ex
1507 655 1698 735 Ciceronis
1709 660 1788 765 phi-

395 764 599 870 loaophicis
612 784 649 843 et
664 769 750 845 duae
761 771 971 847 Invectivae.
985 770 1100 847 Liber
1112 798 1135 847 a
1149 770 1374 877 corruptelis
1388 772 1477 847 satis
1493 772 1647 881 integer,
1660 777 1789 881 saepius

395 883 631 988 optimorum
645 884 834 963 librorum
847 887 1027 963 lectiones
1039 887 1243 964 confirmat
1257 904 1296 964 et
1306 946 1316 978 ‚
1325 888 1395 963 ubi
1407 916 1430 963 a
1449 889 1654 969 meliorum
1666 909 1789 969 aucto·

395 999 509 1074 ritate
530 1000 690 1092 recedit,
716 1030 806 1079 cum
829 1006 978 1081 ratione
997 1020 1108 1080 errat.
1143 1005 1223 1103 Qui
1241 1004 1465 1081 brevitatem
1484 1006 1657 1100 Salustii,
1677 1036 1789 1113 quarn

395 1113 551 1209 dicunt,
574 1119 650 1195 suis
673 1120 715 1195 in
738 1120 971 1196 editionibus
996 1121 1207 1225 exprimere
1230 1120 1404 1213 student,
1424 1120 1455 1195 is
1475 1118 1541 1196 hic
1566 1146 1687 1200 codex
1716 1152 1789 1201 ma·

394 1260 470 1339 gno
487 1234 562 1312 erit
581 1236 813 1340 adjumento.

477 1375 551 1459 Cap.
566 1398 591 1437 r.
614 1380 749 1439 Invenies
768 1410 787 1425 -
806 1355 910 1439 virtuti
927 1379 976 1439 ria
995 1410 1014 1426 -
1033 1376 1128 1439 bonas
1147 1388 1223 1439 artes
1242 1411 1262 1427 -
1278 1400 1361 1440 suam
1377 1380 1490 1463 quique
1507 1346 1639 1462 edlpam.
1660 1380 1690 1454 4.
1703 1382 1792 1463 adep-

395 1482 443 1533 tus
466 1494 534 1533 sum
554 1506 573 1521 -
592 1477 788 1555 nequiverant
809 1508 829 1523 -
855 1486 885 1535 et
904 1478 989 1556 quasi
1006 1495 1060 1557 per
1085 1477 1252 1537 latrocinia.
1282 1500 1310 1558 7.
1330 1479 1453 1558 praeficit
1475 1476 1666 1560 Iugurtham.
1697 1482 1791 1541 ιι.ἰο

342 1576 349 1587 ‘
395 1590 491 1631 unum
509 1592 697 1633 convenere·
710 1594 803 1655 quom
813 1577 909 1634 multa
928 1576 1054 1634 -illum
1074 1573 1169 1633 tribus
1189 1576 1339 1653 proximis.
1365 1580 1410 1637 ιδ.
1421 1575 1488 1657 quis
1499 1576 1652 1655 praecepit,
1667 1578 1713 1636 uti
1730 1579 1794 1657 pri·

395 1688 480 1729 mum
498 1700 517 1715 -
536 1671 712 1731 ambiundo.
738 1672 784 1742 ι4.
799 1672 982 1733 versabimur
1000 1704 1019 1721 ·
1036 1682 1162 1733 rostram
1181 1672 1345 1731 amicitiam
1367 1674 1507 1731 colerent.
1541 1692 1552 1729 ι
1558 1694 1587 1753 7.
1601 1672 1700 1733 arbori
1716 1674 1795 1733 inte·

394 1766 521 1827 candus.
547 1769 783 1830 18.multissibi
803 1771 974 1850 imperium.
1007 1791 1056 1831 ιο.
1071 1770 1174 1831 dolore
1189 1780 1359 1851 permotum
1378 1766 1577 1830 adherbalem.
1611 1770 1793 1831 rullomarn

394 1862 433 1923 ab
454 1864 612 1928 adherbalc
637 1870 750 1929 missos.
784 1866 832 1928 ι5.
847 1867 1010 1929 discessisse
1032 1868 1099 1949 (sed
1122 1887 1212 1948 supra
1234 1888 1299 1948 cap.
1316 1888 1363 1929 ιο.
1379 1866 1540 1944 decasem)
1559 1897 1579 1915 ·
1598 1868 1718 1951 erigere.
1746 1869 1794 1941 ι4

394 1982 444 2023 ιιιο
465 1984 498 2025 ex
515 1966 656 2026 manibus
675 1966 787 2046 impiis.
810 1966 858 2026 25.
872 1977 992 2025 senatus
1011 1966 1150 2046 princeps
1168 1997 1189 2012 -
1207 1966 1386 2045 rapiebatur.
1408 1985 1457 2047 ι9.
1475 1983 1613 2025 scaurum
1633 1976 1794 2046 acceperat.

394 2059 597 2123 ttudedecora
618 2075 824 2143 pervenerunt.
852 2062 903 2124 5ι.
917 2063 1105 2123 accersebaut
1124 2094 1143 2110 ·
1163 2062 1281 2123 Cassius
1300 2066 1413 2143 perlata
1434 2062 1588 2143 rogatione
1605 2082 1636 2141 p.
1652 2082 1677 2121 r.
1696 2094 1715 2109 -
1734 2064 1795 2121 mi·

393 2158 584 2219 tericordiam
612 2162 736 2240 experiri
767 2164 880 2221 mallet.
912 2160 961 2221 55.
981 2180 1107 2241 suasque
1124 2181 1204 2241 opes.
1248 2161 1296 2222 58.
1318 2159 1479 2221 occultiora
1501 2160 1564 2219 Iore
1580 2192 1602 2210 ·
1621 2162 1699 2219 same
1720 2160 1795 2219 terro

392 2260 524 2318 clausurn
546 2268 635 2319 tenet.
676 2258 726 2339 39.
748 2278 902 2319 accersere.
942 2270 991 2330 40.
1009 2256 1047 2317 G.
1073 2259 1225 2318 Mamillus
1244 2288 1264 2305 ·
1287 2278 1322 2318 ex
1340 2258 1478 2318 Mamilli.
1519 2257 1569 2329 45.
1589 2258 1699 2317 auxilia
1722 2259 1796 2317 mit·

393 2353 495 2415 tendo.
536 2354 585 2427 44.
609 2376 627 2415 a
653 2356 761 2437 Spurio
784 2356 894 2415 Albino
922 2358 1101 2437 proconsule
1127 2388 1148 2403 -
1187 2356 1251 2436 spei
1272 2355 1366 2415 bone.
1403 2356 1453 2435 47.
1474 2356 1639 2435 imposuit;
1660 2354 1796 2414 frumen·

392 2460 459 2510 tum
481 2455 590 2512 etalio
619 2484 639 2500 -
666 2474 701 2513 eo
718 2466 835 2535 portare
867 2484 887 2501 -
920 2464 951 2513 et
969 2464 1180 2513 commeatum.
1222 2453 1272 2533 49.
1295 2454 1464 2533 proximum
1481 2450 1590 2512 hostes.
1633 2453 1681 2511 50.
1695 2452 1795 2532 campi

392 2548 520 2607 fuerant.
556 2550 604 2621 54.
636 2552 794 2610 inimicum
816 2551 1050 2613 certamemba.
1072 2553 1216 2612 accersiri.
1254 2552 1303 2632 67.
1334 2549 1514 2609 obtruncati.
1544 2571 1591 2631 71.
1613 2548 1728 2609 audivit
1752 2570 1796 2608 ex.

392 2657 443 2727 74.
469 2646 658 2728 incertusque
677 2648 838 2728 vagabatur
856 2680 874 2695 -
894 2669 953 2729 qua
974 2650 1006 2707 in
1032 2659 1116 2729 parte
1139 2668 1183 2707 res
1199 2649 1258 2707 suit
1277 2679 1296 2694 -
1326 2648 1424 2706 tutati.
1461 2647 1509 2727 75.
1529 2648 1672 2726 pervenit.
1694 2645 1797 2727 Oppi-

390 2740 465 2801 dum
485 2774 504 2789 -
524 2742 626 2825 ibique
644 2746 778 2825 plerique
798 2778 816 2791 -
836 2766 872 2805 eo
885 2746 1018 2825 imponit
1036 2778 1055 2791 -
1074 2766 1165 2827 quam
1181 2746 1347 2825 proximam
1366 2742 1479 2825 oppido
1497 2764 1606 2824 aquam
1622 2762 1721 2825 supra.
1745 2742 1795 2825 76.

390 2858 453 2899 una
477 2839 526 2899 die
568 2872 587 2888 -
624 2862 769 2923 superque
797 2862 844 2903 eas
874 2863 1009 2925 aggerem
1036 2856 1126 2904 terras
1146 2863 1234 2923 super
1252 2862 1387 2923 aggerem
1412 2842 1560 2921 impositis
1584 2841 1669 2919 jubet
1700 2846 1797 2905 turri-

391 2936 447 2999 bus
469 2957 545 3019 opus
573 2938 761 3000 administros
789 2942 887 2999 tutari.
925 2963 973 3022 77.
991 2942 1124 3023 gnaviter
1144 2941 1274 2999 fecerant
1292 2972 1310 2985 -
1331 2941 1458 3021 petitum
1479 2940 1606 3019 -pauci
1627 2938 1797 3020 impedire-

390 3046 468 3097 rant.
491 3038 620 3118 81.quis
640 3070 659 3083 ·
678 3039 747 3097 sint.
770 3040 818 3098 8ι.
833 3040 968 3121 linguam
988 3039 1145 3098 moderari.
1176 3037 1224 3098 85.
1244 3058 1336 3118 quom
1360 3038 1494 3097 victores.
1523 3035 1571 3106 84.
1588 3036 1723 3116 cognitos
1746 3056 1797 3097 aa·

390 3134 452 3195 cire
472 3166 491 3181 -
510 3133 597 3216 plebe
615 3135 755 3193 militiam
774 3138 903 3195 volente.
934 3136 984 3195 85.
999 3156 1060 3214 quo
1075 3136 1169 3215 pluris
1188 3145 1231 3194 est
1250 3168 1270 3181 ·
1287 3134 1405 3194 ridetur
1421 3132 1497 3193 mihi
1518 3135 1570 3191 illa
1593 3132 1797 3193 administrari

389 3261 408 3279 ·
428 3232 676 3314 isimperatorem
704 3264 723 3279 -
743 3234 886 3291 exanimi
909 3234 1056 3292 sententia
1083 3264 1103 3279 -
1121 3252 1191 3291 nam
1210 3252 1302 3312 quom
1321 3242 1409 3291 tute.
1451 3250 1500 3309 92.
1516 3232 1562 3290 illi
1588 3240 1641 3289 aut
1664 3241 1795 3289 mentem

389 3326 539 3405 divinam,
559 3340 620 3389 aut.
642 3335 692 3409 93.
708 3351 801 3410 quom
828 3350 921 3389 unam
942 3361 961 3377 ··
981 3329 1117 3389 difficilia
1136 3328 1269 3388 faciundi
1289 3330 1424 3404 animum
1446 3327 1580 3387 advertit.
1600 3348 1650 3408 97.
1668 3328 1799 3406 accepit,

392 3423 519 3485 dubium
539 3458 558 3472 -
586 3426 740 3486 difficilem
761 3429 831 3487 sore.
863 3448 929 3487 100.
950 3429 1100 3508 profectus
1120 3428 1154 3486 in
1176 3423 1321 3500 hiberna,
1342 3437 1472 3505 propter.
1507 3444 1571 3483 ror.
1593 3424 1706 3504 pslmos
1723 3434 1795 3483 erat.

393 3540 460 3583 ιοι.
478 3525 554 3583 relle
572 3522 608 3583 de
622 3546 699 3600 suo,
721 3526 828 3606 populi
848 3557 867 3571 -
887 3545 979 3606 quom
998 3536 1027 3584 te
1046 3528 1136 3584 talem
1156 3556 1176 3571 -
1203 3526 1250 3581 cui
1269 3524 1382 3582 scilicet
1403 3522 1586 3602 complacuit
1604 3552 1624 3567 -
1642 3518 1723 3579 unde
1737 3520 1797 3579 Ju-

389 3616 539 3705 gnrtham.
573 3628 638 3685 103.
654 3624 766 3683 abillis
785 3624 888 3682 amicis
908 3655 927 3670 -
947 3621 1056 3681 deinde
1074 3622 1107 3681 in
1135 3622 1252 3680 itinere.
1285 3621 1350 3690 ιο4.
1372 3620 1483 3698 Syllam
1502 3617 1540 3676 ab
1557 3616 1644 3676 Utica
1669 3648 1689 3664 -
1708 3628 1738 3677 et
1757 3615 1797 3677 ab

390 3721 523 3782 consule.
554 3720 672 3779 105.et
699 3720 852 3781 adversum
873 3740 958 3801 quos.
991 3721 1138 3801 187.pars
1158 3719 1203 3778 uti
1221 3719 1328 3776 sortem
1347 3719 1483 3775 animum
1505 3724 1609 3795 gerant
1623 3710 1760 3773 hortatur
1777 3746 1797 3762 ·

390 3835 483 3896 quom
494 3816 673 3898 ipsefilius-
685 3818 792 3898 optim.
804 3820 926 3881 sactum.
952 3838 1017 3878 ιιο.
1033 3828 1063 3878 et
1074 3818 1206 3878 Hercle·
1216 3818 1350 3898 precium
1369 3825 1424 3874 tuse
1442 3811 1581 3872 amicitiae
1599 3840 1619 3857 -
1637 3830 1795 3891 nunquam

390 3913 457 3975 tibi.
473 3933 540 3975 ιιι.
559 3936 650 3995 quom
667 3918 767 3977 talem.

492 4035 584 4111 Cod.
605 4036 718 4111 VIII.
760 4036 824 4134 (R.
848 4037 922 4135 8ι.)
955 4038 1068 4111 Αιιιιο
1091 4035 1321 4111 MCCCLIV.
1349 4031 1512 4135 scriptus
1533 4044 1572 4103 et
1592 4050 1713 4101 manu
1740 4046 1796 4097 se·

389 4150 518 4231 conda
538 4150 760 4227 emendatus
781 4168 843 4228 est.
869 4152 987 4227 Initio
1004 4180 1087 4227 xxv.
1104 4152 1230 4255 capita
1251 4148 1344 4229 belli
1366 4144 1582 4224 Catilinarii
1609 4141 1759 4217 desunt.

471 4276 546 4359 Cap·
561 4276 599 4337 26
619 4276 655 4335 Il.
668 4299 698 4358 p.
719 4276 896 4337 dissentiret.
921 4299 969 4359 ι7.
984 4279 1068 4359 prius
1088 4278 1113 4338 si
1132 4276 1318 4337 Ciceronem.
1341 4273 1389 4335 ι8.
1403 4272 1456 4332 ubi
1472 4269 1618 4331 intellexit
1636 4298 1657 4313 -
1674 4266 1796 4343 Impen-

386 4374 487 4439 debat.
510 4375 645 4439 50.οοοι
665 4372 699 4433 hi
714 4376 844 4457 utrique.
866 4372 916 4437 5ι.
935 4375 979 4437 ibi
994 4396 1096 4438 secum
1112 4379 1218 4437 multa.
1247 4373 1296 4435 55.
1310 4390 1380 4433 cum
1401 4369 1491 4429 etiam
1519 4365 1635 4428 alienis.
1657 4364 1707 4445 39.
1724 4361 1795 4420 ani·
