3850 4867
1525 359 1572 507 7¹5

164 611 305 687 simum
335 610 501 717 perfecta
538 626 600 685 est.
619 600 793 689 Diversa
827 609 987 714 quidem
1021 608 1214 685 facundiae
1241 624 1297 685 est
1325 608 1448 698 ratio,
1481 625 1572 710 'quse

163 744 303 803 natura
339 726 455 831 magis
478 742 594 829 atque
627 726 781 832 ingenio
811 754 929 830 quom
957 740 1042 799 arte
1077 724 1236 815 nititur,
1272 752 1390 827 quam
1413 723 1575 826 quidam

161 860 255 919 sunt
287 842 479 919 consecuti
498 842 580 916 sine
596 841 796 917 rhetorum
817 843 972 916 artibus.
1012 842 1095 915 Hoc
1114 840 1279 915 libenter
1301 840 1485 916 concedes
1507 839 1573 915 sed

162 957 266 1034 idem
287 958 516 1047 contendes,
541 960 758 1033 naturalem
775 959 852 1033 vim
871 955 1049 1050 dicendi,
1078 984 1154 1059 qua
1177 974 1217 1032 et
1243 956 1368 1031 Grteci
1386 972 1425 1031 et
1444 953 1573 1030 Latini

160 1075 360 1178 scriptores
378 1074 581 1165 excellent,
606 1102 810 1176 nunquam
831 1091 912 1149 orte
933 1100 1014 1148 non
1032 1072 1144 1147 fuisse
1157 1072 1387 1177 perfectam,
1412 1086 1451 1147 et
1469 1069 1573 1147 hanc

161 1190 319 1267 obrem
345 1192 583 1295 potissimum
613 1191 813 1295 praeclaros
838 1208 953 1293 atque
978 1188 1155 1264 omnibus
1185 1188 1356 1263 numeris
1384 1187 1578 1295 absolutos

162 1305 320 1383 illorum
339 1308 455 1381 libros
475 1306 613 1397 rideri,
640 1308 744 1409 q-uod
761 1307 810 1381 ad
832 1306 1010 1382 eximiam
1031 1321 1146 1407 atque
1179 1304 1369 1379 illustrem
1394 1318 1575 1377 naturam

159 1423 353 1497 accesserit
374 1422 472 1497 ratio
482 1424 657 1525 quaedam
676 1423 1006 1525 conformatioque
1022 1420 1215 1497 doctrinae.
1248 1420 1321 1495 Sed
1344 1419 1427 1496 haec
1447 1417 1575 1496 hacte-

160 1563 233 1611 nus
254 1537 302 1613 de
323 1539 487 1613 nomine.
523 1540 616 1613 Rern
634 1540 756 1642 ipsam
778 1539 883 1642 quod
908 1540 1062 1629 attinet,
1080 1536 1293 1612 carendum
1308 1553 1381 1629 est,
1396 1564 1462 1627 ne,
1489 1563 1575 1640 quae

159 1655 378 1729 enarranda
406 1670 443 1729 et
471 1655 703 1758 expedienda
726 1656 821 1744 sint,
848 1655 1088 1742 omittamus,
1113 1669 1152 1729 et
1178 1652 1248 1727 ubi
1274 1652 1456 1727 orationis
1484 1680 1575 1729 con·

160 1768 327 1845 cionitas
352 1769 627 1844 humanissima
649 1771 861 1874 permulcet
881 1771 1057 1845 animum
1075 1768 1287 1873 voluptate,
1308 1785 1354 1843 ut
1369 1770 1502 1847 concio
1516 1795 1575 1845 so·

159 1884 234 1976 let,
256 1887 290 1961 si
314 1888 428 1962 verbu
455 1902 545 1991 apte·
563 1887 804 1977 ceciderunt,
829 1890 941 1991 euge!
967 1888 1079 1990 euge!
1112 1885 1372 1960 exclamemus
1389 1886 1574 1960 Horatia·

158 2028 258 2077 num
270 2002 385 2091 illud,
407 2002 463 2075 nil
484 2002 676 2092 admirari,
694 2002 809 2077 etiam
827 2001 1030 2108 philologis
1046 2028 1127 2077 non
1149 2000 1286 2075 ultima
1302 1999 1387 2075 laus
1404 2018 1467 2075 est
1500 2002 1573 2080 Sed

159 2116 202 2193 in
225 2118 346 2221 ipsam
371 2118 523 2193 dicendi
538 2112 658 2193 artem
681 2118 978 2221 inquirendum,
1002 2135 1041 2193 et
1062 2144 1221 2223 persona
1241 2116 1383 2222 judicis
1409 2115 1573 2193 induen-

157 2231 209 2307 da
231 2248 303 2323 est,
339 2236 407 2335 qui
431 2233 531 2307 nihil
564 2234 722 2309 arbitrio
745 2250 784 2309 et
805 2234 958 2309 incertis
986 2234 1234 2339 opinionibus
1261 2233 1475 2336 relinquit,
1506 2233 1573 2309 sed

158 2348 289 2421 omnia
309 2348 422 2423 refert
439 2350 492 2423 od
517 2349 612 2453 leges
635 2368 750 2451 atque
777 2367 965 2454 praecepta
988 2349 1274 2426 benedicendi
1320 2350 1407 2423 Non
1435 2348 1572 2453 dubito

156 2460 241 2537 fore
258 2464 410 2555 multus,
432 2468 500 2568 qui
525 2466 600 2542 hoc
626 2466 775 2542 levioris
800 2465 983 2542 momenti
1014 2492 1089 2541 esse
1120 2465 1361 2555 existiment,
1383 2464 1449 2538 sed
1472 2462 1570 2538 mihi

155 2593 197 2652 et
217 2577 487 2656 difficillimum
514 2600 551 2659 et
576 2584 836 2687 gravissimum
859 2608 932 2657 esse
952 2581 1111 2657 videtur.
1159 2584 1305 2656 Docere
1325 2580 1447 2670 enim,
1474 2580 1570 2683 quid

157 2690 200 2766 in
221 2696 408 2787 sensibus,
441 2698 536 2799 quid
573 2700 613 2773 in
645 2700 767 2775 verbis
792 2698 1058 2790 laudandum,
1083 2698 1277 2801 disputare
1301 2713 1483 2801 premeres
1521 2696 1569 2771 de

156 2810 276 2912 tropis
304 2828 420 2913 atque
456 2815 620 2917 figuris,
656 2815 704 2890 de
752 2833 841 2918 opto
878 2816 1139 2890 membrorum
1173 2831 1289 2916 atque
1317 2840 1571 2889 numerorum

155 2927 456 3029 compositione,
479 2930 526 3003 de
548 2929 734 3004 orationis
750 2946 899 3018 ornatu,
933 2931 1192 3006 concinnitate
1215 2947 1330 3033 atque
1350 2930 1495 3020 colore,
1522 2929 1570 3004 de

155 3041 328 3143 ipsorum
352 3046 583 3149 scriptorum
606 3045 767 3150 ingeniis
793 3047 1024 3137 existimare,
1050 3064 1106 3136 et,
1134 3072 1220 3149 quoe
1249 3045 1364 3121 totius
1386 3045 1569 3121 orationis

152 3156 205 3230 sit
232 3161 455 3250 oeconomia,
480 3180 655 3237 accurate
678 3179 793 3265 atque
815 3162 1016 3265 diligenter
1032 3162 1240 3252 illustrare,
1263 3160 1389 3235 nescio
1414 3188 1464 3234 an
1485 3187 1567 3235 non

153 3272 315 3348 minoris
335 3276 425 3349 artis
445 3276 494 3349 sit
514 3295 629 3379 atque
647 3276 809 3381 ingenii,
831 3306 949 3379 fluam
973 3294 1061 3381 opte
1075 3294 1114 3351 et
1129 3277 1318 3352 concinne
1336 3276 1469 3351 dicere
1495 3281 1566 3351 Ar-

155 3387 203 3460 tis
220 3387 337 3493 igitur
361 3390 575 3466 Rhetoricae
601 3393 697 3497 leges
722 3411 813 3467 sunt
833 3393 1070 3497 explicandae
1089 3409 1142 3482 et,
1168 3410 1215 3466 ut
1231 3394 1327 3467 bene
1352 3392 1565 3488 Quintilia-

152 3526 249 3589 nus,
269 3504 530 3581 artificialium
556 3508 742 3583 monendi
772 3510 943 3613 legentes.
978 3508 1139 3582 Plurimi
1169 3525 1302 3584 contra
1324 3509 1567 3611 interpretes,

151 3616 224 3789 Hui
248 3617 554 3723 interpretationi
571 3623 768 3699 rhetoricoe
800 3650 954 3725 operam
969 3624 1081 3711 dont,
1108 3624 1155 3697 de
1185 3625 1380 3699 sententiis
1403 3625 1566 3702 maxime
1596 3635 1600 3643 '

181 3734 362 3818 reputant.
401 3722 473 3796 Sed
501 3725 672 3826 quamvis
698 3723 891 3825 laudanda
922 3739 979 3797 est
1002 3724 1278 3798 sententiarum
1305 3724 1482 3827 gravitas,
1509 3743 1566 3800 ta·

150 3856 243 3904 rnen
272 3834 338 3934 qui
356 3836 477 3910 solnm
502 3840 683 3914 orationis
703 3842 883 3915 virtutem
909 3840 1115 3913 sententias
1137 3855 1300 3942 putant,
1321 3840 1369 3914 de
1383 3856 1565 3943 praestan·

154 3944 304 4022 tissimis
323 3950 545 4028 Graecarum
566 3973 681 4061 atque
693 3956 917 4029 Latinarum
930 3954 1129 4029 literarum
1148 3956 1406 4030 monumentis
1422 3981 1561 4057 parum

151 4080 254 4139 recte
272 4064 512 4170 judicabunt

1044 4306 1071 4378 8
