3850 4867
1483 314 1528 387 ιδ

231 494 323 573 coe
339 496 416 572 III.
466 494 771 589 (eccam
797 496 900 571 Am.
925 490 982 569 50.
1008 490 1125 565 MM.
1140 487 1212 567 Th.
1228 490 1285 581 a.)
1311 490 1439 567 Codex
1454 492 1530 572 ele·

106 624 264 713 gauter
281 612 445 714 scriptus
466 626 504 686 et
519 610 606 684 setis
626 626 833 702 correctus,
857 611 943 684 Saee
956 634 1026 683 xrr.
1045 604 1434 709 initiopulcberrimoe
1448 609 1528 711 pic·

109 740 249 817 turae3
273 727 348 801 viri
370 727 491 828 imago
513 726 657 800 librum
682 726 843 801 tenentis
869 723 1051 828 praecedit
1074 722 1299 811 Catilinam,
1332 721 1375 797 in
1402 724 1529 827 prime

109 840 269 943 pagina
294 838 495 945 Jugurthae
521 842 756 945 conspicitur
791 840 918 931 miles,
942 866 1042 941 equo
1066 836 1233 913 insidens
1253 852 1293 912 et
1314 836 1461 913 hostem
1478 856 1531 917 te·

112 955 169 1029 lis
193 970 335 1057 petens.
361 956 508 1029 Tabula
525 955 772 1061 geographica
793 956 908 1031 etiarn
927 954 969 1029 in
993 954 1077 1028 aliis
1100 951 1207 1027 codd.
1221 970 1373 1027 exarata
1390 954 1431 1030 in
1455 952 1531 1033 boo

112 1070 254 1145 multo
271 1071 482 1173 elegantior
502 1087 540 1144 et
565 1071 778 1147 accuratior
802 1088 866 1147 est
903 1074 1042 1145 Insunt
1053 1084 1234 1171 prrcterea
1257 1069 1459 1143 lnrectiroc
1492 1087 1531 1149 et

115 1186 323 1261 Ciceronis
351 1186 539 1261 oraciones
562 1214 632 1289 pro
654 1188 835 1263 Deiotaro
868 1201 907 1261 et
936 1185 980 1260 in
1006 1199 1142 1258 senatu
1170 1196 1255 1285 post
1280 1182 1447 1260 reditum
1464 1184 1533 1263 ba·

112 1300 227 1376 bita.
1294 1393 1298 1408 Ι

226 1404 315 1477 Catil
335 1438 402 1497 cap.
418 1421 444 1482 1.
471 1417 640 1478 obedientia
663 1420 759 1479 ventri
778 1450 797 1467 -
815 1416 940 1499 indiget.
969 1418 1000 1486 2.
1020 1414 1169 1475 mutere.
1196 1411 1347 1480 adelicia
1367 1416 1438 1497 quie
1463 1418 1532 1498 ple·

116 1513 232 1593 rique,
253 1534 318 1594 que
337 1522 370 1571 tu
389 1546 409 1562 -
427 1516 548 1593 incepto
564 1514 663 1574 studio
679 1536 737 1579 me.
761 1520 808 1586 19.
827 1517 859 1574 in
876 1512 1070 1594 provinciam.
1100 1509 1151 1578 27.
1165 1524 1370 1591 opportunum
1392 1534 1452 1573 esse
1470 1512 1528 1573 sibi

117 1610 275 1677 credebat.
298 1616 349 1677 30.
365 1632 435 1670 nam
450 1613 577 1691 utrique.
606 1612 656 1676 35.
671 1632 739 1671 cum
759 1614 862 1671 alienis
881 1608 1062 1668 nominibus.
1088 1606 1139 1673 44.
1154 1610 1206 1689 qui
1225 1611 1293 1667 sim.
1321 1608 1372 1676 47.
1387 1611 1437 1669 cui
1452 1612 1530 1671 futu·

119 1716 194 1765 tum
217 1708 292 1767 soret
312 1742 332 1757 -
351 1708 504 1767 abdicatus
524 1708 706 1788 magistratu.
728 1707 780 1777 48.
794 1706 955 1791 agitabant.
977 1701 1029 1776 19.
1041 1705 1212 1767 exercebant
1229 1738 1249 1755 -
1268 1706 1403 1767 saucibus
1416 1716 1531 1791 urguet.

119 1802 177 1869 55.
200 1808 360 1885 paululum
376 1803 415 1865 ad
434 1808 535 1865 larem
555 1802 726 1865 ascenderis.

207 1934 364 2045 Iugurtha
384 1972 487 2046 cepa.
513 1986 548 2025 ex
563 1967 663 2025 enims
681 1974 711 2025 et
730 1984 853 2047 corpore
876 1976 929 2027 est.
956 1963 988 2031 4.
1003 1962 1137 2025 studium
1158 1960 1309 2023 laudando
1328 1994 1347 2011 -
1366 1964 1418 2045 qui
1438 1966 1532 2027 susti·

120 2072 211 2127 ueut.
243 2062 273 2129 6.
288 2064 332 2122 sni
352 2064 446 2121 animi
467 2064 639 2143 cupidinem
659 2094 679 2110 -
700 2064 788 2121 talem
807 2064 902 2125 virum
924 2065 949 2123 si
968 2063 1055 2127 dolis.
1088 2067 1118 2133 9.
1133 2082 1201 2121 cum
1225 2060 1316 2119 literis
1340 2080 1412 2141 ques
1432 2092 1450 2109 ·
1474 2060 1530 2121 tibi

121 2177 181 2239 pro
202 2170 283 2217 certo
298 2160 358 2218 ecio
377 2160 519 2240 gaudium
541 2180 609 2223 esse.
639 2162 688 2223 11.
702 2160 803 2239 paucis
819 2158 922 2219 diebus
943 2171 1010 2239 post
1028 2191 1047 2207 -
1068 2159 1106 2216 de
1121 2158 1236 2216 eunctis
1255 2157 1453 2237 disceptarent
1472 2178 1529 2219 ne-

124 2348 177 2416 17.
193 2349 307 2409 arboris
325 2352 512 2409 infecundus.
534 2356 580 2421 19.
595 2362 711 2431 tempus
733 2372 788 2410 nos
806 2363 909 2411 monet
926 2386 946 2400 -
965 2354 1043 2412 inter
1061 2372 1108 2410 eus
1125 2351 1455 2431 Leptis-etNumidirc.
1477 2355 1529 2417 20.

123 2446 164 2505 ab
182 2446 280 2505 Africa
300 2447 465 2506 discessere.
492 2452 543 2510 21.
558 2467 632 2526 quos
647 2447 685 2505 ab
701 2444 867 2507 Adherbale
887 2448 1014 2507 Romam
1038 2451 1142 2508 missos
1160 2460 1229 2507 ente
1251 2450 1384 2527 prelium
1406 2450 1530 2509 iactum.

124 2549 177 2609 23.
190 2542 288 2603 Africa
308 2544 469 2603 discessisse
487 2576 507 2591 -
527 2542 564 2601 ad
583 2542 722 2601 virtutem
740 2544 860 2625 erigere.
894 2541 943 2609 24.
957 2548 1062 2604 vellem
1087 2543 1166 2617 hec,
1187 2564 1252 2626 qua
1272 2544 1369 2604 scribo
1388 2576 1407 2592 ·
1428 2566 1475 2605 me
1497 2566 1531 2607 ex

125 2639 267 2701 manibus
288 2640 390 2719 impiis
410 2672 429 2686 -
448 2649 580 2699 remanet
598 2641 750 2697 memoria.
771 2641 820 2703 25.
834 2638 872 2697 ab
887 2640 1007 2699 eisdem.
1029 2644 1079 2705 31.
1093 2662 1110 2699 a
1124 2662 1191 2698 mco
1209 2652 1330 2721 parente
1350 2674 1368 2689 -
1388 2641 1431 2702 uti
1454 2662 1532 2701 con·

124 2746 170 2795 tra
185 2738 311 2814 injurias
330 2767 349 2782 -
370 2754 467 2813 neque
484 2755 551 2807 eos,
570 2734 623 2813 qui
654 2735 746 2793 iecere
765 2767 784 2783 -
803 2734 1003 2795 vobistecisse
1022 2757 1114 2817 -per
1137 2739 1380 2798 consuetudinem
1401 2758 1455 2819 pro
1480 2740 1531 2800 ni·

123 2830 199 2893 hilo.
221 2837 272 2903 32,
292 2842 323 2891 at
339 2830 456 2903 Cassius
470 2834 582 2909 perlata
608 2832 760 2910 rogatione
780 2863 800 2877 -
826 2851 886 2889 sese
906 2852 1049 2913 suamque
1065 2854 1158 2915 spem.
1187 2834 1237 2901 36.
1249 2834 1375 2896 Romam
1394 2836 1530 2899 discessit·

124 2935 175 2996 38.
192 2949 296 3011 engere
316 2935 378 3007 ejus
397 2960 416 2975 -
435 2918 577 2986 Numidia
593 2925 763 2992 discederet.
785 2925 833 2991 43.
848 2928 936 3002 socii,
955 2948 1068 2989 nomeu
1085 2930 1215 2989 latinum
1232 2942 1262 2992 et
1278 2954 1358 3015 reges
1374 2936 1453 2993 ultro
1474 2954 1531 2995 uu·

124 3028 195 3085 uilia
216 3026 340 3083 mittere.
360 3023 411 3089 44.
427 3024 489 3103 spei
506 3022 600 3082 bona.
620 3020 670 3090 47.
682 3036 912 3105 comportarent.
935 3024 985 3091 62.
999 3038 1101 3107 captos
1116 3038 1146 3087 et
1163 3030 1274 3089 occisos
1291 3062 1310 3078 -
1329 3031 1463 3089 accersiri
1478 3035 1531 3109 ju·

125 3122 185 3183 bct.
221 3120 270 3189 63.
291 3122 335 3182 vir
351 3131 488 3201 appetere
510 3142 572 3180 non
593 3119 730 3187 audebat.
763 3120 811 3187 64,
830 3123 971 3182 exereitus
994 3122 1050 3183 sibi
1066 3126 1090 3184 si
1115 3124 1322 3186 dimitteretur.
1358 3126 1407 3195 66,
1425 3128 1481 3186 telo
1499 3138 1530 3188 et

126 3221 194 3279 elia.
216 3216 263 3285 67.
278 3218 448 3278 obtruncati
462 3227 541 3283 sunt,
562 3216 613 3285 73.
626 3216 745 3291 decori,
769 3217 860 3277 modo
877 3220 996 3280 invidia
1015 3241 1082 3281 etse.
1108 3221 1158 3293 79.
1174 3244 1222 3282 eos
1242 3244 1350 3305 magno
1372 3222 1526 3283 diuturno.

126 3321 176 3379 80.
200 3316 265 3395 quis
284 3317 385 3373 omnia
405 3314 530 3373 honesta
551 3326 580 3374 et
598 3312 765 3385 inhonesta,
786 3315 837 3382 84.
852 3319 965 3377 volenti
979 3318 1067 3401 plebe
1080 3320 1230 3379 militiam.
1252 3320 1303 3384 85.
1315 3330 1509 3401 cognatorum
1516 3360 1527 3395 ,

127 3410 272 3470 adfinium
295 3405 366 3491 o'pee
383 3442 404 3458 -
423 3432 488 3471 mea
506 3411 649 3477 beneficia
667 3444 687 3458 -
707 3412 788 3497 quod
806 3424 849 3473 est
866 3426 970 3473 contra
990 3446 1006 3461 ·
1027 3413 1103 3474 mihi
1119 3436 1184 3473 mea
1198 3416 1350 3477 benefacta
1369 3448 1389 3464 ·
1407 3414 1528 3477 abunde

127 3506 185 3565 illis
201 3507 369 3565 facundiam
385 3538 405 3553 -
427 3528 497 3567 nam
523 3528 570 3567 me
595 3511 738 3569 exanimi
756 3511 900 3571 sentcmie
918 3542 937 3559 -
964 3509 1079 3571 boum
1103 3514 1238 3571 animum
1260 3510 1398 3573 habetote
1416 3546 1436 3562 ·
1465 3524 1529 3574 tute

128 3616 195 3663 tunt
214 3634 234 3651 -
260 3604 366 3683 quibus
384 3614 425 3663 est
446 3606 583 3663 militaris
604 3616 679 3671 retus.
700 3604 750 3673 86.
767 3606 832 3667 aliis
860 3606 984 3667 utilibet
1001 3627 1097 3667 naves.
1117 3612 1167 3679 93.
1185 3630 1252 3669 usus
1272 3620 1334 3669 eret
1354 3642 1373 3658 -
1394 3607 1527 3671 faciundi

130 3702 264 3759 animum
278 3700 403 3759 advertit
416 3732 436 3747 -
455 3704 612 3780 paululum
628 3701 718 3761 modo
743 3722 848 3783 prona.
878 3706 930 3774 95.
944 3705 1039 3785 pudet
1059 3706 1151 3787 magii
1167 3727 1206 3765 an
1222 3708 1311 3789 piget.
1342 3706 1393 3777 97.
1413 3706 1528 3789 aceepit

128 3794 437 3856 dubium-difficilem
460 3798 531 3856 fore.
552 3803 603 3867 98.
614 3796 650 3857 de
665 3795 736 3857 hinc
752 3810 900 3858 cunctos-
922 3811 975 3860 eut
993 3821 1048 3883 pro
1064 3803 1224 3863 victoribus
1240 3823 1326 3885 seque
1345 3824 1427 3887 agere
1438 3836 1457 3852 ·
1477 3814 1526 3866 tt·

129 3912 184 3971 que
211 3894 264 3951 iter
283 3894 397 3952 iaceret.
433 3894 503 3961 107.
517 3893 588 3953 dein
602 3896 715 3974 paucis,
737 3915 797 3974 quo
817 3896 868 3955 ire.
901 3901 969 3962 108.
989 3901 1118 3978 populus
1140 3900 1292 3959 Romanus
1314 3922 1377 3982 que
1398 3904 1490 3963 vellet
1506 3932 1525 3953 ·

129 3986 270 4069 detegeret
289 4021 308 4037 -
328 4009 388 4069 quo
405 3994 540 4049 consulto
559 4024 579 4039 -
599 3994 785 4073 multumque
804 4011 871 4050 eum
893 4014 971 4053 cum.
1005 4001 1074 4065 109·
1089 4000 1252 4057 accercitur.
1282 4003 1350 4067 110.
1367 4008 1522 4079 nunquam

129 4095 204 4143 retus
223 4086 282 4146 sore
301 4118 321 4133 ·
338 4084 452 4163 debere.
474 4080 576 4149 Hercle
596 4121 615 4137 -
632 4098 700 4146 ante
717 4090 870 4171 cognitum
890 4122 909 4136 -
928 4092 1065 4152 amicitie
1082 4096 1182 4173 precio
1202 4126 1222 4142 ·
1241 4096 1351 4153 otssnis
1371 4116 1450 4154 meos
1461 4094 1521 4157 ed·

128 4200 220 4243 tersus
233 4180 381 4247 Romanos
398 4194 525 4247 armatos
544 4214 563 4233 ·
582 4182 614 4247 id
631 4184 769 4247 obmitto.
799 4189 868 4253 111.
885 4190 961 4247 ultro
979 4188 1025 4250 illi
1047 4190 1239 4255 adventuram
1259 4224 1277 4241 ·
1296 4200 1424 4253 metuere
1444 4190 1523 4257 fluxe
