3850 4867
400 292 446 382 e,

400 491 448 559 47.
470 477 623 541 abdicatus
646 482 850 565 emegistretn
874 482 923 565 49.
944 482 1116 545 exercebant
1135 485 1183 550 51.
1202 482 1254 545 eod
1270 484 1305 544 io
1327 481 1446 543 exilium
1464 482 1597 563 permitti
1619 481 1669 543 55.
1688 482 1797 563 muln·

397 579 460 637 lum
484 578 657 638 ascenderis.

479 744 632 823 Magrtrtlm
653 768 697 806 tt.
719 748 804 809 illum
819 748 912 809 tribus
924 750 1066 831 proximis
1083 752 1171 810 annis
1189 748 1238 810 38.
1259 750 1300 809 ita
1314 748 1422 810 delicta
1437 749 1553 809 dicebat
1564 749 1725 808 occultiora
1736 747 1796 805 sore

402 840 450 911 43.
475 844 583 901 auxilia
601 846 715 905 mittere
736 846 800 925 (vel
817 846 960 907 mittendo
981 868 1072 927 snpra
1098 849 1208 907 lineam
1231 846 1394 929 scriptum)
1421 858 1541 930 propter
1562 846 1796 927 opportunitates

401 940 461 997 loci
481 939 529 998 68.
546 940 577 998 in
591 941 690 1021 primo
705 947 763 1005 lete
785 955 833 1027 74.
854 945 943 1004 ceteri
963 951 1026 1023 ejus
1046 946 1165 1005 milites.

742 1221 813 1295 DE
839 1221 1097 1299 CODICIBUS
1122 1220 1453 1299 FLOllENTINlS.

500 1410 759 1493 Mediceorum
788 1420 1080 1498 illustrissimam
1111 1438 1261 1527 gentem
1285 1448 1365 1497 non
1385 1418 1509 1495 solum
1531 1416 1579 1491 dc
1602 1416 1796 1520 republica

404 1522 434 1594 F
435 1522 644 1621 lorentina,
676 1534 871 1611 sedetiam
894 1538 942 1613 de
961 1540 1161 1613 literarum
1175 1538 1394 1639 artiumque
1413 1534 1541 1609 studio
1558 1535 1702 1635 optime
1723 1558 1797 1607 me·

403 1638 518 1715 ritam
530 1670 613 1735 esse,
627 1676 739 1725 nemo
755 1668 819 1741 est,
838 1654 906 1753 qui
930 1656 1080 1729 nesciat
1105 1655 1336 1729 Testimonio
1354 1666 1446 1725 sont
1472 1676 1562 1724 curn
1575 1649 1651 1721 alia
1666 1673 1797 1721 eorum

310 1760 316 1771 '
404 1753 527 1832 laudis
542 1754 808 1856 monumenta,
828 1785 911 1842 tum
924 1768 1156 1845 bibliotheca
1172 1768 1440 1845 Laurentiana.
1466 1766 1594 1860 Quam
1612 1790 1703 1837 cum
1714 1764 1798 1867 plu·

404 1871 588 1950 rimorum
601 1897 803 1955 auctorum
818 1887 1159 1985 praestantissimos,
1174 1886 1296 1961 Taciti
1307 1883 1520 1960 Annalium
1532 1880 1636 1973 (Lib.
1648 1880 1796 1971 1-rt)

403 1990 517 2065 etiam
544 1996 705 2071 unicum
737 2000 906 2075 codicem
935 2003 1132 2077 continere
1155 2003 1430 2105 cognovissem,
1455 1998 1617 2075 Salustio
1645 2020 1800 2097 quoquc

403 2131 487 2179 eam
504 2108 617 2184 saluti
640 2112 719 2187 sore
733 2140 980 2217 speraveram.
1013 2119 1141 2214 Quam
1155 2118 1312 2219 quidem
1330 2143 1434 2219 spem
1453 2116 1604 2189 lirmane
1620 2110 1799 2187 videban-

406 2235 469 2295 tur
496 2238 552 2299 tot
575 2227 691 2303 Codd.
713 2230 1015 2305 Salustianorum
1043 2232 1084 2306 in
1104 2232 1281 2336 catalogis
1305 2260 1327 2307 a
1349 2258 1411 2307 mc
1431 2231 1517 2305 lecti
1546 2229 1674 2319 tituli,
1698 2236 1799 2312 (am-

404 2337 506 2439 plius
533 2343 636 2417 enim
664 2348 817 2451 triginta
846 2348 960 2423 Codd.
985 2348 1137 2423 Salustii
1151 2350 1205 2423 ibi
1222 2353 1482 2435 asservantur)
1508 2344 1798 2448 quimihitem·

365 2484 372 2499 ·
407 2456 509 2554 poris
533 2461 703 2562 angustia
719 2490 843 2564 presso
855 2522 865 2554 ,
877 2465 933 2540 vel
947 2466 1120 2541 timorem
1134 2464 1366 2568 injecerunt,
1383 2481 1430 2539 ut
1450 2489 1579 2538 omnes
1594 2460 1797 2537 CoddMss

406 2594 482 2669 qua
507 2576 645 2675 parsit
669 2576 885 2682 diligentia,
908 2598 1083 2655 excutere
1102 2608 1256 2684 possem.
1282 2580 1354 2656 Sed
1380 2578 1456 2653 hoc
1480 2578 1637 2682 quidem
1666 2576 1797 2652 timore

402 2683 506 2761 brevi
526 2690 672 2767 solutus
691 2720 785 2769 sum.
824 2696 1027 2772 Codicibus
1053 2698 1179 2791 enim,
1206 2698 1274 2799 qui
1292 2695 1545 2799 antiquissimi
1565 2692 1798 2779 dicebantur,

403 2806 617 2881 accuratius
640 2811 881 2902 examinatis,
909 2814 1049 2889 multos
1067 2812 1247 2915 quidem,
1273 2811 1441 2887 sednon
1467 2810 1628 2913 optimos
1654 2808 1796 2883 codices

402 2916 605 2997 Florentiae
630 2932 806 3002 asservari
828 2931 996 3033 cognovi.
1030 2928 1147 3003 Multi
1167 2930 1284 3032 magis
1306 2926 1517 3031 splendoris
1545 2942 1584 2999 et
1605 2924 1797 3030 elegantia

402 3059 527 3125 causa,
554 3067 630 3141 qua
653 3044 795 3116 exarati
812 3061 921 3147 sunt,
947 3074 1065 3149 quam
1083 3044 1189 3147 quod
1207 3072 1341 3119 eorum
1356 3044 1474 3119 virtus
1493 3042 1610 3117 fuerit
1628 3068 1797 3145 perspec-

401 3164 458 3239 ta,
485 3156 577 3227 emti
599 3182 675 3232 esse
694 3159 882 3235 videntur.
928 3162 1045 3257 Quod
1065 3162 1262 3263 quondam
1281 3161 1571 3236 Ptolemaeorum
1594 3158 1796 3232 liberalita-

317 3324 322 3342 .
371 3364 376 3379 ,
402 3267 600 3344 tasnatum
623 3290 694 3361 est,
720 3292 764 3347 ut
786 3278 899 3349 multi
921 3278 1124 3351 deteriores
1148 3278 1239 3351 libri
1269 3294 1308 3351 et
1331 3277 1451 3379 spurii
1478 3302 1549 3379 pro
1572 3273 1749 3379 genuinis
1775 3300 1795 3345 a

401 3379 701 3462 bibliothecariis
722 3409 957 3480 emerentur,
991 3392 1031 3467 id
1053 3393 1178 3466 nescio
1211 3420 1262 3465 an
1285 3393 1400 3466 etiam
1419 3392 1595 3465 Mediceis
1616 3416 1796 3465 nonnun-

404 3522 521 3595 quam
539 3503 727 3577 acciderit.
752 3508 848 3580 Nam
859 3506 934 3582 hoc
951 3536 1037 3583 vere
1059 3508 1207 3595 dixeris,
1227 3508 1268 3581 in
1285 3507 1517 3583 bibliotheca
1542 3508 1795 3581 Laurentiana

403 3628 441 3683 et
468 3615 630 3716 optimos
656 3637 694 3691 et
710 3623 884 3723 pessimos
911 3625 1028 3699 libros
1052 3626 1136 3698 Mss.
1162 3624 1338 3698 inveniri.
1363 3626 1494 3725 Neque
1519 3622 1701 3697 mediocri
1715 3621 1797 3696 dili·

395 3730 523 3830 gcntia
558 3760 652 3835 opus
679 3735 770 3825 suit,
796 3756 839 3811 ut
867 3741 952 3841 quis
979 3741 1192 3814 accuratius
1218 3740 1264 3814 de
1286 3738 1401 3814 Codd.
1422 3754 1622 3827 statueret,
1647 3765 1736 3811 cum
1757 3738 1797 3811 li-.

398 3844 557 3919 brorum
576 3849 672 3951 typis
693 3878 950 3955 expressorum
963 3884 1086 3959 pauca
1119 3857 1177 3931 vel
1203 3854 1311 3930 nulla
1334 3854 1505 3956 exempla
1536 3853 1578 3927 in
1614 3869 1797 3956 promptu

397 3976 525 4034 essent.
563 3966 644 4037 Imo
675 3966 753 4068 ipsa
782 3986 910 4043 nostra
938 3989 1048 4049 aetate
1077 3971 1231 4046 nonnisi
1249 3970 1372 4045 multo
1392 3998 1465 4045 usu
1484 3986 1522 4044 et
1539 3996 1677 4073 magna
1698 3996 1799 4043 exer-

395 4076 576 4150 citatione
589 4082 810 4183 assequaris,
835 4100 880 4158 ut
896 4084 943 4161 de
960 4088 1076 4163 unius
1096 4088 1295 4163 alteriusve
1315 4088 1479 4162 auctoris
1493 4085 1602 4160 libris
1610 4086 1703 4162 Mss'
1721 4113 1798 4163 rcc-

390 4191 462 4267 tius
482 4192 633 4298 judices.
