3850 4867
1519 292 1567 376 35

274 496 365 583 cod.
385 496 416 571 I.
442 495 534 592 (cfr.
551 496 706 571 Pantini
723 495 886 601 Catalog.
903 496 945 568 T.
967 495 1011 569 V.
1027 520 1109 599 pag.
1129 493 1235 596 33⁷.)
1258 496 1469 571 Membran.
1486 482 1574 573 saec.

172 636 243 688 xtv.
263 611 420 688 ineunte
433 613 476 701 i<)
499 640 614 715 quem
633 612 787 687 Pantini
811 611 965 717 optimae
986 627 1086 684 notae
1108 611 1220 701 dicit,
1245 612 1473 717 quippe'qui
1497 612 1576 688 edi·
1633 681 1637 690 .

173 726 288 802 tionis
308 727 683 804 Cortianoelectiones
707 727 929 803 confirmet·
953 726 1027 801 Sed
1045 753 1134 801 eum
1154 726 1376 831 vigilantem
1392 728 1574 804 somnias-

170 866 211 919 te
233 842 467 919 crediderim.
493 844 675 941 Quamvis
684 844 788 919 enim
810 842 917 918 hunc
937 842 1083 916 librum
1101 843 1322 917 melioribus
1338 842 1575 935 adnumeres,

172 967 291 1051 (nam
311 958 384 1033 sub
407 958 522 1033 finem
546 958 783 1064 potissimum
812 956 930 1031 bonas
955 955 1109 1032 exhibet
1128 958 1328 1044 lectiones)
1355 976 1482 1035 tamen
1510 959 1573 1051 iis,

170 1098 260 1177 quae
274 1075 422 1148 Cortius
442 1091 509 1148 aut
534 1092 670 1148 temere
695 1073 857 1176 conjecit
879 1088 947 1147 aut
968 1073 1205 1163 emendavit,
1230 1074 1352 1148 rarius
1369 1076 1578 1165 consentit,
1617 1160 1621 1175 1

170 1187 247 1261 nisi
273 1188 370 1263 forte
392 1190 524 1263 statuis
549 1189 590 1263 in
609 1188 797 1277 editione,
823 1216 892 1292 per
915 1185 1133 1263 Johannem
1153 1190 1303 1291 Baptist
1330 1190 1575 1292 Pasqualium

169 1300 504 1378 MDCCXXXVII.
531 1306 700 1381 Venetiis
727 1304 901 1409 vulgata,
926 1330 1044 1405 quam
1071 1304 1136 1378 ille
1155 1303 1306 1393 laudat,
1329 1306 1468 1379 multas
1486 1332 1578 1382 con·

170 1415 379 1519 iecturasa
412 1420 541 1495 Cor-tio
569 1419 798 1523 propositas,
821 1444 896 1493 esse
919 1418 1082 1522 rejectas
1129 1422 1311 1494 Praeterea·
1346 1421 1437 1494 libri
1471 1420 1575 1495 illius

170 1534 337 1637 margini
351 1530 495 1606 scholia
518 1552 611 1609 sunt
633 1534 840 1637 adscripta;
864 1560 989 1638 neque
1010 1532 1070 1608 his
1093 1536 1262 1610 multum
1283 1536 1436 1612 tribuas.
1478 1538 1577 1613 Nam

170 1648 250 1723 fere
265 1648 476 1750 explicant,
502 1676 587 1753 quoe
608 1651 694 1725 luce
713 1668 805 1724 sunt
824 1652 1003 1739 clariora,
1029 1652 1094 1726 sed
1114 1653 1273 1730 obscura
1295 1653 1439 1729 intacta
1459 1656 1574 1731 relin-

170 1778 308 1866 quunt
343 1767 540 1840 Accedunt
563 1768 689 1871 glossae
712 1767 814 1841 inter
833 1766 951 1840 lineas
984 1781 1023 1840 et
1045 1792 1177 1871 paucae
1209 1768 1573 1859 animadversiones,

168 1879 351 1985 pluribus
365 1881 465 1956 foliis
486 1883 689 1985 separatim
700 1883 868 1985 scripta,
885 1880 1056 1987 primum
1072 1880 1221 1985 aliquot
1233 1910 1338 1959 voces
1349 1884 1572 1960 Salustianae

169 2012 210 2071 et
225 1996 357 2073 divisio
372 2000 472 2085 orbis
491 2016 695 2088 terrarum,
712 2026 829 2101 quam
850 1999 891 2072 in
906 1996 1008 2073 bello
1022 1997 1257 2102 Jugurthino
1269 2000 1467 2102 proposuit
1482 2028 1572 2075 auc·
1610 2087 1614 2094 ι

171 2113 375 2202 tor,fusius
385 2114 649 2208 illustrantur;
672 2116 745 2188 alia
757 2114 806 2187 ad
818 2114 1097 2217 etymologiam,
1114 2141 1236 2218 pauca
1250 2114 1299 2189 ad
1313 2115 1570 2205 Salustianum

169 2226 325 2303 dicendi
342 2256 458 2333 genus
476 2247 657 2334 spectant
682 2234 728 2305 In
752 2230 829 2305 fine
840 2230 1032 2319 Catilinae,
1058 2230 1154 2304 acies
1180 2229 1322 2303 directa
1333 2230 1494 2305 mirifica
1509 2259 1572 2306 co·

168 2340 299 2417 lorum
310 2346 488 2420 varietate
503 2346 747 2439 adumbrata3
774 2348 815 2422 in
837 2344 913 2421 line
937 2344 1051 2419 totius
1069 2344 1232 2433 Codicis,
1257 2345 1342 2446 (qui
1357 2347 1573 2447 praeterlu-

168 2458 352 2565 gurtham
378 2478 417 2535 et
447 2464 653 2537 Catilinam
686 2462 899 2567 complures
931 2459 1123 2536 Ciceronis
1153 2459 1340 2535 orationes
1364 2463 1572 2537 ‹ss-Seneca

168 2578 266 2678 Epp.
286 2576 335 2649 ad
357 2578 520 2652 Paulum
549 2578 742 2675 continet)
758 2578 943 2681 scriptum
968 2592 1040 2651 est:
1072 2576 1164 2649 liber
1191 2578 1296 2649 Petri
1318 2576 1365 2650 de
1396 2578 1572 2669 Medicis,

172 2690 296 2765 Cosmi
303 2693 389 2789 filii.
431 2692 724 2797 Orthographiae
748 2694 881 2769 veteris
912 2719 1036 2797 pauca
1071 2690 1241 2794 vestigia3
1266 2691 1377 2781 lubet,
1402 2712 1573 2797 quattuor

105 2884 109 2891 ,
169 2813 345 2905 repperit,
366 2809 621 2883 ads’orsaretur
646 2811 750 2914 (Jug.
770 2836 799 2882 c
819 2813 898 2895 ao.)
920 2807 1057 2910 saepius
1073 2805 1304 2912 gerundium
1328 2808 1370 2881 in
1383 2837 1409 2882 u
1430 2808 1573 2884 flexum
1667 2884 1671 2891 ,

169 2926 365 3035 capiundi,
377 2924 573 3024 faciundi,
598 2926 792 3015 leniunda,
811 2924 1038 3023 perdundae.

224 3076 228 3085 ’
253 3089 386 3150 Catilina
398 3113 425 3153 c.
441 3113 468 3151 a.
488 3093 544 3153 luit
560 3094 593 3151 ia
614 3094 695 3151 terris
718 3092 747 3151 6.
764 3092 815 3150 alii
834 3090 894 3149 alio
915 3108 998 3147 more
1023 3088 1088 3166 (sed
1102 3088 1158 3147 alii
1171 3087 1323 3148 exemend.
1337 3110 1378 3147 m.
1392 3088 1466 3165 sec.)
1487 3088 1573 3163 binc,

169 3172 386 3268 imperatores·
405 3190 434 3247 8.
455 3200 601 3270 quantam
615 3188 709 3250 verbis
729 3189 775 3266 (ea
786 3210 826 3245 m.
841 3208 896 3245 sec.
908 3186 1032 3263 adjecit)
1054 3218 1072 3233 ·
1092 3208 1121 3267 9.
1136 3186 1216 3246 bello
1231 3196 1409 3245 excesserunt
1426 3218 1442 3230 -
1454 3205 1465 3242 r
1475 3207 1499 3242 ι.
1522 3184 1572 3245 hic

170 3285 242 3365 quia
261 3316 278 3330 -
292 3286 429 3359 infinita,
449 3286 584 3344 insatiata
600 3306 696 3365 neque
714 3283 776 3343 -hi
792 3286 883 3365 igitur
898 3284 1007 3341 milites
1027 3316 1044 3327 -
1063 3293 1258 3363 temperarent
1278 3286 1338 3358 (m.
1350 3284 1423 3358 sec.)
1449 3299 1572 3354 reoru-

168 3380 256 3440 nium
272 3379 452 3462 flagitiomm
471 3395 560 3463 atque
578 3384 745 3444 lacinomm
773 3379 890 3458 (schol.
905 3379 972 3459 plus
987 3388 1027 3439 est
1048 3400 1137 3456 quam
1145 3377 1394 3456 flagitiosorum
1417 3398 1480 3458 qua
1503 3378 1573 3458 qui·

169 3476 240 3535 dem
258 3478 345 3537 lectio
363 3500 525 3558 paucorum
544 3490 584 3539 cst
599 3477 754 3556 codicum)
775 3486 874 3536 ventre
888 3498 979 3537 manu
995 3498 1071 3556 pene
1089 3475 1167 3535 bona
1186 3508 1205 3522 -
1228 3496 1273 3555 ¹7·
1286 3476 1320 3533 L.
1338 3486 1366 3534 et
1384 3478 1499 3537 Servius
1513 3475 1573 3533 Sil·

168 3576 219 3648 lae,
239 3576 329 3635 Servii
347 3578 402 3636 filii
424 3577 530 3656 (etiam
549 3574 627 3635 hanc
638 3576 794 3635 lectionem
809 3574 927 3632 nonnisi
949 3576 982 3631 in
1001 3574 1184 3652 paucissimis
1200 3572 1296 3631 Codd.
1315 3573 1468 3647 invenias)
1491 3573 1571 3629 lccoa

174 3693 222 3755 ¹9·
236 3672 296 3735 Gn·
312 3676 432 3755 Pompei
450 3710 466 3722 -
489 3695 537 3734 ao.
553 3676 593 3734 iu·
605 3656 740 3732 manibus
755 3669 841 3730 nobis
859 3683 901 3733 est
919 3704 939 3718 -
962 3670 1082 3728 fortuna
1100 3691 1134 3728 ea
1157 3672 1260 3729 omnia
1278 3704 1294 3715 ·
1325 3690 1372 3732 21.
1394 3670 1523 3749 quietam
1546 3687 1569 3725 r.
1602 3678 1608 3690 '

169 3904 206 3985 ⁸)
227 3904 303 3965 Mihi
321 3908 443 3988 quidem
462 3924 627 3987 persuasum
652 3913 713 3976 est,
732 3900 812 3959 hunc
831 3900 940 3960 librum
966 3908 1035 3956 ante
1055 3897 1125 3955 Saee.
1149 3915 1203 3953 xiv.
1231 3914 1289 3953 esse
1311 3894 1472 3973 scriptum,
1498 3914 1566 3951 nam

253 4006 358 4064 ductus
375 4007 523 4063 literarum
541 4000 578 4060 ad
592 4002 660 4059 Saec.
678 4019 736 4058 xru.
755 3999 897 4079 pertinere
911 3995 1056 4057 ridentur.
1082 3990 1218 4052 sedhaea
1235 4010 1278 4049 res
1299 3990 1464 4061 obscurior,
1478 4010 1567 4068 quam

181 4082 186 4093 ι
253 4124 316 4183 qua
342 4102 442 4181 paucis
462 4099 597 4178 explicari
627 4098 737 4177 possit,
766 4105 795 4155 et
817 4094 886 4155 certi
907 4090 1022 4171 aliquid
1045 4100 1168 4149 statuere
1193 4107 1267 4167 sape
1287 4084 1468 4169 arrogantius
1496 4083 1569 4143 mihi

252 4221 340 4280 quam
361 4198 474 4257 doctius
495 4216 552 4257 csse
568 4194 693 4255 ridetur.
