3850 4867
1527 335 1573 426 73

167 519 317 598 aspero,
358 517 442 577 octo
469 503 640 580 cohortes
666 503 708 580 in
735 505 860 580 fronte
885 505 1112 580 constituitt
1137 507 1373 610 reliquarum
1396 507 1501 611 sigua
1529 509 1570 583 in

163 621 337 698 subsidio
355 628 473 702 artius
493 627 662 702 collocat.
693 628 758 704 ,Ab
787 627 847 710 liis
874 631 1113 704 centuriones
1143 632 1265 706 omnis
1291 632 1404 708 lectos
1422 648 1461 706 et
1485 659 1563 707 evo

164 761 289 838 catos,
314 766 495 852 praeterea
514 778 559 827 ex
580 752 755 857 gregariis
788 751 973 826 militibus
1001 771 1204 855 optumum
1225 781 1422 857 quemque
1446 783 1569 832 arma-

164 886 253 943 tum
279 871 321 946 in
343 875 510 978 primam
532 876 651 950 eciem
664 875 853 950 subducit.
894 878 931 950 f.
951 876 1145 950 Manlium
1166 877 1210 952 in
1233 878 1379 966 dextra,
1406 879 1568 956 Faesula-

162 1019 265 1068 num
287 999 492 1099 quemdam
517 999 557 1074 in
576 1000 726 1074 sinistra
756 1015 864 1104 parte
895 1026 1030 1075 curare
1056 1000 1185 1076 iubet:
1209 1000 1288 1104 ipse
1309 1028 1400 1076 eum
1419 1000 1569 1078 libertis

162 1133 206 1192 et
223 1119 367 1196 colonis
385 1140 542 1227 propter
555 1125 736 1227 Aquilam
755 1121 919 1215 adsistit,
945 1151 1064 1226 quam
1081 1123 1183 1199 bello
1205 1124 1397 1199 Cimbrico
1423 1127 1461 1200 C
1485 1127 1568 1200 Ma-

163 1243 247 1317 rius
269 1245 312 1320 in
334 1248 504 1322 exercitu
521 1245 696 1324 habuisse
724 1247 930 1324 dicebatur.
973 1253 1024 1323 At
1050 1275 1097 1324 ex
1127 1247 1245 1324 altera
1266 1265 1377 1351 parte
1392 1250 1430 1323 C
1447 1251 1566 1326 Anto-

161 1365 273 1458 nius,
297 1371 457 1473 pedibus
480 1398 598 1478 aeger,
618 1372 723 1476 quod
746 1373 878 1478 praelio
909 1371 1034 1449 adesse
1050 1372 1257 1475 nequibat,
1280 1373 1331 1447 M.
1351 1372 1495 1448 Petreio
1514 1373 1567 1450 le-

160 1508 252 1595 gato
277 1495 485 1570 exercitum
511 1496 707 1602 permittit.
762 1496 832 1572 Ille
857 1495 1029 1572 cohortes
1045 1513 1256 1586 veteranas,
1285 1521 1381 1599 quas
1403 1497 1566 1574 tumulti
1681 1601 1687 1610 Ι

160 1641 293 1692 caussa
321 1620 609 1724 conscripserat,
642 1621 684 1694 in
712 1620 860 1714 fronte3
893 1637 979 1724 post
999 1646 1065 1694 eas
1086 1636 1259 1696 ceterum
1285 1620 1495 1696 exercitum
1519 1621 1565 1697 in

160 1740 339 1816 subsidiis
363 1743 473 1817 locat.
508 1748 592 1848 Ipse
621 1751 726 1845 equo¹
750 1745 996 1834 circumiens,
1022 1769 1338 1846 unumquemque
1359 1745 1565 1826 nominans

161 1863 356 1969 adpellet,
385 1865 589 1959 hortatur,
620 1885 750 1972 rogat,
787 1885 835 1941 ut
858 1866 1124 1956 meminerint,
1159 1891 1199 1941 se
1232 1883 1366 1942 contra
1399 1867 1565 1944 latrones

159 1987 345 2081 inermos,
369 2017 440 2094 pro
466 1992 613 2094 patria,
637 2018 708 2093 pro
733 1989 880 2080 liberis,
905 2016 976 2092 pro
998 1989 1073 2063 aris
1093 2005 1210 2091 atque
1233 1988 1326 2065 iocis
1344 1989 1421 2066 suis
1442 2009 1563 2066 certa-

159 2137 213 2187 re.
250 2113 374 2188 Homo
394 2113 588 2204 militaris,
620 2113 726 2217 quod
755 2111 919 2216 amplius
943 2137 1065 2187 annos
1088 2113 1243 2216 triginta
1273 2113 1469 2204 tribunus,
1494 2132 1564 2191 aut

158 2235 476 2340 proelectus,·aut
497 2238 661 2342 legatus,
686 2252 753 2310 aut
778 2225 1033 2338 praetor'cum
1053 2262 1190 2339 magna
1216 2236 1335 2340 gloria
1360 2233 1404 2312 in
1423 2239 1562 2313 exerci-

159 2372 208 2434 tu
221 2356 362 2452 fuerat,
377 2360 579 2465 plerosque
592 2359 689 2464 ipsos
712 2357 889 2460 factaque
905 2383 1043 2434 eorum
1067 2357 1181 2434 fortia
1203 2375 1377 2454 noverat,
1398 2387 1441 2437 ea
1459 2388 1562 2438 eom-

158 2587 196 2647 fii
214 2597 244 2648 et
259 2587 398 2650 'Glaroani
412 2590 501 2664 libri,
526 2590 739 2650 excellentiores
757 2589 841 2650 Grut.
857 2611 897 2648 m.
908 2609 965 2650 sec.
985 2600 1041 2650 tres
1056 2591 1149 2656 Wass.
1165 2589 1231 2650 Bas.
1248 2609 1275 2656 a.
1297 2613 1338 2656 m.
1348 2611 1404 2653 see.
1432 2590 1562 2672 reliquo-

156 2713 230 2754 rum
248 2695 297 2755 vel
311 2695 488 2774 rubetarum
503 2694 589 2774 sigm
605 2694 732 2774 plurimi
745 2694 828 2754 libri.
848 2693 959 2773 reliquo
971 2693 1058 2773 sigm
1076 2695 1158 2754 Leid.
1173 2716 1201 2753 a.
1213 2692 1243 2754 b.
1256 2716 1282 2760 c.
1297 2695 1327 2754 d.
1344 2697 1364 2753 f.
1385 2695 1415 2755 h.
1429 2717 1470 2754 m.
1490 2697 1560 2756 sub-

153 2797 236 2861 sidat>
250 2799 341 2860 arinis
358 2799 435 2861 locat
455 2800 552 2859 Guelf.
571 2799 598 2858 5.
628 2799 754 2859 schemo
771 2799 876 2879 optimi
893 2798 972 2858 libri.
998 2820 1031 2860 ex
1043 2799 1124 2858 leid.
1139 2801 1159 2857 i.
1175 2821 1216 2856 m.
1236 2799 1308 2882 lleg.
1327 2799 1359 2857 Β.
1377 2799 1448 2860 Pub.
1466 2800 1558 2860 Μηνὶ.
1604 2827 1607 2830 ’

156 2918 197 2968 Λ.
212 2917 243 2968 Γ.
263 2903 361 2965 Pemb.
381 2905 498 2970 Martin.
518 2905 606 2964 'lectos
615 2912 647 2962 et
659 2912 798 2964 evocatos.
819 2904 859 2961 ita
877 2901 938 2962 Bes.
951 2923 979 2961 1.
992 2901 1023 2962 3.
1042 2901 1128 2961 Febr.
1140 2913 1170 2962 et
1182 2902 1267 2962 Rem.
1282 2902 1475 2985 uterq.['Paris.
1487 2927 1514 2969 e.
1526 2905 1558 2965 d.

155 3007 212 3069 Ac.
232 3009 300 3072 vin.
318 3029 346 3070 2.
366 3009 472 3076 Seu-r.
490 3009 559 3069 'Eoo
582 3008 678 3072 Gueli.
690 3007 758 3079 Μ.
771 3009 799 3068 5.
817 3027 863 3072 ro.
881 3027 927 3067 tr.
948 3007 1029 3072 Leid.
1040 3029 1067 3072 a.
1082 3006 1112 3065 lr.
1124 3029 1150 3068 c.
1164 3029 1190 3067 e.
1203 3008 1229 3066 i.
1240 3008 1261 3067 i.
1274 3008 1302 3067 k.
1318 3013 1342 3067 l.
1356 3029 1389 3074 n.
1408 3009 1511 3069 electos
1530 3019 1558 3069 et

157 3123 293 3177 evocatos
312 3125 369 3176 out
391 3115 478 3176 lectos
494 3125 523 3174 et
543 3121 661 3174 coculos
687 3113 802 3194 reliqui.
822 3121 852 3170 et
876 3132 937 3171 om.
967 3112 1064 3173 Struv.
1089 3121 1148 3192 opt.
1164 3115 1198 3190 ‘q.
1217 3122 1376 3173 armolwn.
1406 3125 1559 3180 armatam

155 3241 222 3279 om.
235 3219 336 3281 ‹Gueli
354 3220 382 3280 5.
397 3217 552 3280 colonibus
571 3218 638 3278 Naz.
664 3217 754 3281 'Palat
770 3218 798 3277 8.
826 3217 896 3276 Tur.
908 3236 938 3276 a.
966 3215 1068 3276 Vinor.
1082 3234 1110 3275 2.
1133 3215 1229 3276 Gueli'.
1243 3238 1272 3280 η.
1295 3237 1402 3278 m.seo.
1430 3217 1555 3278 colonib.

155 3323 264 3386 Putsch
287 3345 321 3386 ex
338 3325 452 3385 Cuiecii
468 3324 562 3385 codic.
579 3341 668 3402 prope
682 3322 772 3400 aquil.
795 3321 863 3383 Vin.
879 3342 906 3388 2.
926 3320 989 3380 Bas.
1006 3320 1076 3384 md.
1097 3319 1556 3406 llem.1.inc.Strur.Leid.g.
1662 3315 1665 3318 ⁴

154 3428 191 3490 h.
205 3449 244 3490 m.
266 3429 298 3489 in
312 3428 451 3490 exercitu.
467 3428 501 3488 in
515 3429 592 3488 delet
607 3426 702 3486 Guell'.
721 3427 748 3485 5.
783 3429 862 3506 quod
875 3425 986 3508 proelio
1012 3445 1075 3488 om.
1093 3423 1188 3486 Guelf.
1204 3426 1233 3487 ὅ.
1260 3429 1340 3504 quod
1354 3427 1428 3488 bello
1458 3425 1556 3495 Guelf.
1626 3477 1630 3483 .

154 3533 190 3606 ἦ.
201 3533 228 3594 5.
248 3532 333 3594 Bern.
345 3554 372 3594 2.
392 3531 511 3592 tumulti
521 3531 601 3591 Leid.
612 3534 632 3591 1.
654 3531 731 3590 Non.
746 3530 774 3591 8.
793 3532 840 3590 50.
861 3531 930 3590 Tur.
943 3550 969 3589 1.
989 3551 1031 3589 m.
1045 3547 1102 3590 sec.
1123 3529 1298 3606 infrontem
1324 3530 1404 3590 Ieid.
1416 3553 1456 3591 m.
1476 3532 1556 3594 Non.

154 3639 306 3716 infrenis
323 3638 474 3700 constituit
492 3636 555 3696 Bas.
573 3656 599 3696 a.
621 3635 655 3695 in
666 3635 792 3696 subsidio
812 3634 892 3694 Leid.
905 3657 945 3693 m.
965 3633 1043 3700 Non.
1064 3633 1161 3694 Guelf.
1173 3657 1202 3715 9.
1220 3633 1326 3694 Eranc.
1353 3637 1478 3696 collocat
1495 3639 1556 3698 duo
1664 3656 1666 3659 ·

153 3743 272 3806 wanti.
298 3744 360 3804 Bas.
375 3744 404 3805 3.
426 3743 495 3804 Tur.
510 3764 536 3807 t.
560 3740 703 3802 oircta'ens
720 3739 806 3800 Fabr.
821 3749 915 3820 uterq.
934 3739 1044 3803 vim.
1065 3739 1132 3800 Sen.
1148 3760 1173 3798 ι.
1194 3737 1290 3798 Guels.
1305 3740 1333 3799 5.
1362 3761 1555 3818 unumquem-

154 3867 223 3929 que.
244 3869 337 3910 waren
351 3868 412 3908 om.
428 3847 526 3908 Gueli.
535 3845 564 3906 3.
582 3843 723 3906 Ciaccou.
733 3842 785 3904 lib.
806 3853 839 3902 ut
852 3863 937 3903 roem.
959 3841 1103 3915 Bas.1.4.
1123 3843 1208 3904 Bern.
1222 3865 1251 3903 a.
1264 3843 1294 3904 ὅ.
1314 3844 1395 3904 leid.
1416 3849 1460 3905 u'ti
1473 3846 1555 3910 Cort.

152 3973 276 4018 uenere
283 3953 367 4015 Bam.
374 3953 403 4016 3.
424 3955 581 4014 deoerrwra
591 3949 716 4011 Tbosan.
731 3959 850 4030 certare„
859 3950 953 4010 ceteri.
972 3947 1100 4031 inermos
1113 3947 1210 4010 Ursini
1221 3947 1304 4013 liber.
1312 3948 1434 4011 inerms
1446 3949 1514 4011 Tur.
1526 3973 1554 4012 2.

152 4059 245 4124 atms's
258 4058 384 4140 triginta
401 4061 460 4124 inc.
478 4059 548 4120 vin.
563 4077 590 4117 2.
610 4056 715 4115 Frane.
736 4053 833 4118 Guelf.
848 4054 917 4134 μθ.
937 4052 1070 4113 Leidm.
1090 4052 1191 4124 ΒΜ.
1216 4052 1350 4114 tritonus
1365 4065 1451 4135 otqrra
1467 4059 1554 4136 prees,

154 4161 220 4228 Bu.
230 4184 258 4226 ι.
280 4165 318 4229 'in
332 4163 463 4228 exercitu
482 4182 545 4223 non
562 4159 666 4221 habuit
677 4158 815 4241 primitus
833 4157 931 4219 Guell.
954 4178 999 4218 12.
1021 4157 1105 4218 eiecit
1121 4156 1202 4218 (lori.
1234 4175 1261 4217 c.
1277 4177 1389 4240 magna
1402 4161 1436 4230 in
1448 4181 1497 4222 sa,
1505 4162 1552 4241 gl.

1188 4309 1234 4360 1⁰
