3850 4867
347 326 417 380 110

224 483 228 491 “
342 507 432 562 eum
451 479 501 556 ab
520 496 657 558 senatu
676 479 817 558 missos,
850 481 922 556 llle
937 479 1006 556 ubi
1026 478 1189 582 aceepit,
1214 473 1387 551 homines
1405 471 1547 556 claros,
1572 480 1743 568 qnorum

341 605 610 712 auctoritatem
629 607 758 682 Romae
778 605 929 709 pollere·
942 601 1156 690 audiverat,
1181 617 1314 676 contra
1334 598 1530 700 inceptum
1546 613 1661 665 suum
1678 607 1744 656 re·

306 745 314 752 ’
340 729 458 806 nisse:
495 729 622 834 primo
641 745 872 819 commotus,
886 792 891 800 .
904 744 1011 804 metu
1033 743 1149 830 atque
1178 725 1353 800 lubidine
1376 722 1546 798 divorsus
1572 709 1744 817 agitaba-

342 867 414 927 tur.
453 853 629 930 Timebat
649 853 747 929 iram
769 854 947 941 Senatus,
973 851 1015 926 ni
1041 850 1225 955 paruisset
1247 849 1404 954 legatis:
1439 869 1553 950 porro
1588 837 1743 913 animus

341 976 523 1079 cupidine
539 1003 660 1052 coecus
678 977 729 1052 ad
750 977 948 1078 inceptum
967 974 1086 1050 scelus
1108 972 1288 1076 rapiebat.
1321 971 1426 1049 Vicit
1451 985 1578 1043 tamen
1601 963 1641 1038 in
1660 957 1744 1034 ari-

340 1098 390 1176 do
411 1099 563 1204 ingenio
585 1126 746 1203 pravum
761 1100 974 1175 consilium.
1025 1096 1165 1203 Igitur,
1180 1098 1348 1174 exercitu
1365 1091 1619 1178 circumdato,
1637 1111 1744 1161 sum-

340 1252 402 1298 ma
427 1223 465 1297 vi
483 1225 628 1300 Cirtam
655 1225 867 1328 irrumpere
895 1220 1036 1300 nititur
1044 1229 1062 1314 ‚'
1084 1248 1261 1297 maxume
1281 1235 1435 1324 sperans
1449 1275 1460 1308 ,
1475 1215 1632 1291 diducta
1658 1235 1743 1285 ma-

340 1375 397 1426 nu
420 1347 608 1439 hostium,
628 1364 697 1424 aut
725 1349 782 1438 vi,
800 1364 869 1422 aut
892 1347 1005 1437 dolis,
1027 1373 1102 1421 sere
1129 1373 1258 1420 casum
1282 1342 1450 1420 victoriae
1481 1341 1742 1415 inventurum.

341 1473 458 1570 Quod
473 1474 541 1548 ubi
557 1498 662 1546 secus
678 1471 851 1575 procedit
882 1497 1023 1572 neque,
1053 1470 1158 1573 quod
1176 1469 1414 1557 intenderat,
1438 1466 1582 1540 efficere
1599 1473 1742 1564 potest,

339 1612 386 1674 ut
406 1597 532 1700 prius,
550 1623 668 1698 quam
684 1595 823 1698 legatos
845 1594 1086 1683 conveniret,
1104 1591 1330 1669 Adherbalis
1355 1589 1566 1694 potiretur3
1587 1611 1636 1658 nc
1658 1609 1742 1654 am-

336 1719 440 1824 plius
457 1719 644 1795 morando
666 1721 874 1807 Scaurum,
901 1745 1017 1819 quem
1042 1717 1256 1819 plurimum
1274 1714 1481 1802 metuebat,
1504 1707 1741 1791 incenderet,

340 1871 431 1920 cum
458 1843 589 1947 paucis
618 1842 813 1946 equitibus
844 1842 885 1915 in
913 1841 1149 1944 provinciam
1180 1840 1291 1916 venit
1342 1843 1396 1913 Ac
1433 1834 1579 1910 tametsi
1612 1829 1743 1905 Senati

339 1969 461 2044 verbis
486 1995 613 2072 graves
636 1967 752 2041 minae
783 1964 1090 2053 nunciabantur,
1120 1964 1225 2067 quod
1260 1963 1308 2038 ab
1341 1956 1630 2066 oppugnatione
1659 1980 1740 2030 non

339 2092 547 2185 desisteret3
572 2090 696 2165 multa
721 2105 848 2162 tamen
870 2088 1045 2162 oratione
1081 2103 1301 2176 consumta,
1327 2085 1439 2190 legati
1454 2085 1594 2160 frustra
1609 2079 1742 2158 disces-

294 2237 427 2296 2tse1e
478 2217 535 2290 Ea
563 2231 767 2317 postquam
797 2214 910 2288 Cirtae
935 2212 1067 2287 audita
1093 2229 1205 2302 sunt,
1231 2209 1379 2299 Italici,
1406 2237 1573 2313 quorum
1600 2211 1741 2286 virtute

341 2339 486 2414 moenia
518 2337 838 2425 defensabantur,
863 2335 1023 2425 confisi,
1046 2335 1244 2411 deditione
1267 2335 1387 2424 sacta,
1411 2349 1568 2438 propter
1592 2334 1740 2440 magni-

342 2461 518 2538 tudinem
537 2461 672 2565 populi
688 2461 850 2535 Romani
873 2459 1072 2534 inviolatos
1102 2485 1177 2534 sese
1204 2459 1302 2548 fore,
1328 2457 1538 2533 Adherbali
1554 2457 1741 2546 suadent,

342 2586 401 2660 uti
422 2611 536 2688 seque
555 2601 593 2660 et
617 2584 805 2688 oppidum
824 2582 1019 2690 Iugurthae
1041 2583 1184 2658 tradat:
1211 2599 1363 2658 tantum
1389 2583 1505 2659 abeo
1532 2583 1649 2661 vitam
1673 2611 1741 2688 pa·

341 2781 503 2862 quotCort.
524 2783 625 2856 Beed.
645 2782 718 2845 dein
727 2782 811 2844 Febr.
823 2806 848 2844 ι.
861 2786 968 2867 aliique
978 2785 1144 2849 vetustiores
1156 2782 1302 2844 audierat.
1319 2783 1414 2845 Str-ur.
1430 2780 1480 2842 dc.
1492 2784 1623 2864 primum
1633 2802 1738 2843 comm.

341 2885 403 2953 Bas.
417 2887 446 2959 d.
467 2887 543 2965 Tur.u
556 2889 687 2970 rapiebat
705 2890 774 2951 Ner.
786 2889 904 2949 comm.
914 2892 1001 2971 pauci
1013 2889 1136 2949 exCort.
1157 2888 1237 2948 Leid.
1251 2891 1272 2948 l.
1293 2888 1448 2951 duollirii.
1463 2889 1630 2968 rapiebatur
1645 2889 1740 2948 ceteri.

339 2994 382 3053 ad
397 2991 457 3054 iae.
471 2994 661 3056 aelerandam
679 2996 787 3056 Bertin.
807 2994 897 3059 Palm.
913 3005 943 3054 et
957 2995 1088 3076 quinque
1105 2995 1218 3056 Weseii.
1240 2995 1373 3064 ,deducta
1400 2993 1496 3054 Guelf.
1514 2997 1543 3066 d.
1558 3017 1586 3076 7.
1607 3015 1652 3053 ιο.
1671 2993 1740 3058 vin.

342 3119 369 3158 ι.
399 3098 449 3161 Ac.
472 3100 571 3159 lleurs.
591 3101 687 3165 Senot.
704 3121 730 3166 2.
752 3101 848 3166 Stmr.
870 3101 973 3160 incert.
991 3120 1016 3158 ι.
1036 3102 1133 3179 plures
1146 3099 1227 3159 Leid.
1247 3097 1309 3158 Boe.
1322 3101 1350 3171 d.
1372 3099 1456 3158 bern.
1473 3121 1498 3158 1.
1518 3102 1610 3160 derata
1629 3098 1709 3158 Leid.
1721 3102 1741 3163 l.

338 3201 400 3265 Bae.
415 3226 440 3264 ι.
462 3225 581 3264 causam
596 3204 725 3266 victoria
746 3203 843 3264 Guelf.
860 3223 885 3269 ι.
898 3223 925 3263 a.
945 3205 1014 3263 Ser.
1027 3224 1050 3261 ι.
1071 3201 1154 3262 llem.
1165 3225 1192 3263 1.
1211 3201 1380 3264 Adherbale
1388 3213 1449 3286 pot.
1470 3205 1567 3266 Guelf.
1578 3226 1602 3264 ι.
1615 3205 1643 3277 d.
1655 3227 1682 3287 7.
1696 3225 1741 3270 ιι.

337 3308 542 3388 Sunufdcad.
555 3329 661 3368 mser.
682 3307 742 3373 inc.
754 3329 779 3371 ι.
801 3316 905 3372 Frena.
925 3307 1005 3367 Vrat.
1018 3327 1046 3366 2.
1067 3305 1264 3368 Adherbalem
1285 3309 1384 3369 Guelf.
1396 3331 1426 3390 9.
1444 3319 1472 3369 et
1487 3311 1517 3368 in
1538 3311 1667 3392 quinque
1681 3322 1741 3371 ret.

338 3411 434 3472 Codd.
455 3433 528 3494 quoe
547 3413 662 3476 vossius
677 3412 810 3491 inspexit.
856 3409 1034 3472 Adherbalis
1062 3422 1167 3490 prater
1191 3423 1299 3472 ceteros
1323 3413 1411 3476 libros
1428 3415 1525 3474 firmat
1548 3415 1633 3478 Prisc.
1648 3417 1692 3476 18.
1714 3439 1741 3478 e.

339 3517 388 3576 25.
408 3539 440 3597 p.
452 3537 521 3597 ²²9·
547 3516 602 3576 Ed.
619 3517 672 3576 Κι.
690 3526 821 3576 attamen
838 3517 892 3576 etsi
910 3516 978 3576 Seu.
999 3536 1027 3576 2.
1048 3515 1160 3580 Vratisl.
1176 3536 1203 3575 ι.
1225 3514 1312 3576 mina
1324 3539 1409 3597 grae.
1437 3517 1495 3578 hoc
1507 3519 1611 3580 ordine
1627 3519 1690 3582 llir.
1708 3539 1743 3580 ex

339 3617 436 3680 Codd.
457 3621 673 3702 quodoppuga.
695 3619 843 3682 Commel.
864 3638 941 3679 unus
954 3619 1041 3680 Ririi.
1061 3619 1142 3679 Leid.
1156 3622 1178 3681 l.
1192 3641 1223 3682 n.
1239 3623 1359 3700 frustra
1380 3622 1458 3683 delet
1475 3623 1557 3684 Leid.
1571 3645 1598 3690 a.
1619 3624 1697 3686 Vnt.
1715 3647 1741 3690 ι.

419 3746 494 3829 βαρ.
508 3749 557 3814 ιδ.
578 3748 652 3810 Itali
668 3749 755 3814 Febr.
772 3768 799 3808 ι.
825 3748 906 3810 Vrat.
920 3769 946 3807 1.
973 3747 1040 3808 sen.
1063 3769 1089 3808 1.
1109 3746 1208 3808 Guelf.
1221 3769 1251 3808 ι.
1272 3769 1355 3829 reque
1369 3759 1397 3811 et
1412 3749 1552 3831 oppidum
1573 3755 1612 3813 ito
1632 3755 1740 3836 optimi

336 3853 415 3916 libri.
435 3873 545 3932 meque
561 3861 591 3914 et
609 3873 656 3932 op.
677 3853 761 3914 llam.
774 3875 800 3913 ι.
821 3852 956 3934 Guat7.
975 3870 1006 3910 se
1024 3860 1052 3910 et
1064 3871 1110 3932 op.
1127 3851 1231 3914 Frena.
1245 3864 1274 3914 et
1296 3853 1394 3916 Guell.
1418 3875 1464 3916 ιι.
1481 3875 1566 3937 seque
1585 3858 1742 3939 oppidum-

337 3979 391 4037 que
411 3956 508 4018 auat
523 3978 568 4022 ιο.
588 3966 686 4018 seseet
699 3979 763 4038 opp.
782 3957 835 4018 Ac.
854 3957 955 4019 ioue.
976 3957 1107 4016 traderet
1125 3956 1211 4016 Febr.
1228 3979 1255 4018 ι.
1275 3957 1344 4041 Trg.
1365 3979 1511 4022 meere
1531 3959 1616 4028 Febr.
1629 3985 1656 4024 1.
1670 3963 1745 4047 teg.

336 4063 406 4122 Tur.
418 4085 448 4124 ι.
468 4071 568 4122 tomen
582 4062 661 4142 quia.
679 4072 852 4122 tammam.
867 4060 984 4120 Fabrie.
997 4081 1027 4120 a.
1057 4061 1085 4122 ri
1100 4063 1308 4122 adversaretur
1333 4063 1445 4126 Fabric.
1464 4085 1491 4125 ι.
1511 4076 1541 4127 et
1556 4085 1633 4127 unus
1652 4067 1743 4129 llivii.

336 4170 407 4233 ded.
420 4167 611 4248 saritfeoit·
634 4170 720 4230 multi
736 4167 804 4229 libri
828 4168 976 4229 deterioria
1008 4176 1104 4244 note,
1121 4169 1208 4229 etiam
1228 4167 1296 4251 Τις.
1315 4169 1384 4230 Tur.
1406 4170 1490 4232 Febr.
1507 4193 1533 4234 ι.
1554 4192 1663 4238 maer.
1684 4173 1744 4255 igi-
