<?xml version="1.0" encoding="UTF-8"?>
<!DOCTYPE html PUBLIC "-//W3C//DTD XHTML 1.0 Transitional//EN"
    "http://www.w3.org/TR/xhtml1/DTD/xhtml1-transitional.dtd">
<html xmlns="http://www.w3.org/1999/xhtml" xml:lang="en" lang="en">
 <head>
  <title>
</title>
<meta http-equiv="Content-Type" content="text/html;charset=utf-8" />
  <meta name='ocr-system' content='tesseract 3.04.00' />
  <meta name='ocr-capabilities' content='ocr_page ocr_carea ocr_par ocr_line ocrx_word'/>
</head>
<body>
  <div class='ocr_page' id='page_1' title='image "./salustiiquaeexs01sallgoog_0278.png"; bbox 0 0 3850 4867; ppageno 0'>
   <div class='ocr_carea' id='block_1_1' title="bbox 418 299 486 372">
    <p class='ocr_par' dir='ltr' id='par_1_1' title="bbox 418 299 486 372">
     <span class='ocr_line' id='line_1_1' title="bbox 418 299 486 372; baseline -0.015 -2"><span class='ocrx_word' id='word_1_1' title='bbox 418 299 486 372; x_wconf 78' lang='lat'><strong>182</strong></span> 
     </span>
    </p>
   </div>
   <div class='ocr_carea' id='block_1_2' title="bbox 336 471 1816 2923">
    <p class='ocr_par' dir='ltr' id='par_1_2' title="bbox 336 471 1816 2923">
     <span class='ocr_line' id='line_1_2' title="bbox 362 471 1813 582; baseline 0.007 -36"><span class='ocrx_word' id='word_1_2' title='bbox 362 487 530 580; x_wconf 60' lang='lat' dir='ltr'><strong>poaque</strong></span> <span class='ocrx_word' id='word_1_3' title='bbox 555 471 681 566; x_wconf 79' lang='lat' dir='ltr'><strong>sitim,</strong></span> <span class='ocrx_word' id='word_1_4' title='bbox 708 501 790 550; x_wconf 92' lang='lat' dir='ltr'><strong>non</strong></span> <span class='ocrx_word' id='word_1_5' title='bbox 825 471 996 551; x_wconf 78' lang='lat' dir='ltr'><strong>lubidini</strong></span> <span class='ocrx_word' id='word_1_6' title='bbox 1029 500 1153 580; x_wconf 86' lang='lat' dir='ltr'><strong>neque</strong></span> <span class='ocrx_word' id='word_1_7' title='bbox 1183 473 1345 552; x_wconf 80' lang='lat' dir='ltr'><strong>luxuria</strong></span> <span class='ocrx_word' id='word_1_8' title='bbox 1374 489 1465 554; x_wconf 82' lang='lat' dir='ltr'><strong>erat.</strong></span> <span class='ocrx_word' id='word_1_9' title='bbox 1513 473 1637 582; x_wconf 73' lang='lat' dir='ltr'><strong>Igitur</strong></span> <span class='ocrx_word' id='word_1_10' title='bbox 1670 479 1813 556; x_wconf 76' lang='lat' dir='ltr'><strong>Consul</strong></span> 
     </span>
     <span class='ocr_line' id='line_1_3' title="bbox 411 597 1814 703; baseline 0.001 -25"><span class='ocrx_word' id='word_1_11' title='bbox 411 601 592 678; x_wconf 70' lang='lat' dir='ltr'><strong>omnibns</strong></span> <span class='ocrx_word' id='word_1_12' title='bbox 611 597 841 703; x_wconf 70' lang='lat' dir='ltr'><strong>exploratis,</strong></span> <span class='ocrx_word' id='word_1_13' title='bbox 857 599 991 690; x_wconf 80' lang='lat' dir='ltr'><strong>oredo,</strong></span> <span class='ocrx_word' id='word_1_14' title='bbox 1016 598 1074 676; x_wconf 84' lang='lat' dir='ltr'><strong>dis</strong></span> <span class='ocrx_word' id='word_1_15' title='bbox 1086 599 1227 695; x_wconf 76' lang='lat' dir='ltr'><strong>lietus3</strong></span> <span class='ocrx_word' id='word_1_16' title='bbox 1251 627 1342 677; x_wconf 88' lang='lat' dir='ltr'><strong>uam</strong></span> <span class='ocrx_word' id='word_1_17' title='bbox 1360 615 1492 676; x_wconf 87' lang='lat' dir='ltr'><strong>contra</strong></span> <span class='ocrx_word' id='word_1_18' title='bbox 1511 613 1635 676; x_wconf 81' lang='lat' dir='ltr'><strong>tantas</strong></span> <span class='ocrx_word' id='word_1_19' title='bbox 1651 601 1814 682; x_wconf 87' lang='lat' dir='ltr'><strong>difficul-</strong></span> 
     </span>
     <span class='ocr_line' id='line_1_4' title="bbox 411 721 1814 827; baseline 0.001 -27"><span class='ocrx_word' id='word_1_20' title='bbox 411 737 504 801; x_wconf 82' lang='lat' dir='ltr'><strong>tateo</strong></span> <span class='ocrx_word' id='word_1_21' title='bbox 523 723 682 800; x_wconf 75' lang='lat' dir='ltr'><strong>oonsilio</strong></span> <span class='ocrx_word' id='word_1_22' title='bbox 702 723 792 798; x_wconf 81' lang='lat' dir='ltr'><strong>eatis</strong></span> <span class='ocrx_word' id='word_1_23' title='bbox 806 722 1005 826; x_wconf 84' lang='lat' dir='ltr'><strong>providere</strong></span> <span class='ocrx_word' id='word_1_24' title='bbox 1026 749 1108 798; x_wconf 89' lang='lat' dir='ltr'><strong>non</strong></span> <span class='ocrx_word' id='word_1_25' title='bbox 1132 739 1306 827; x_wconf 84' lang='lat' dir='ltr'><strong>poterat:</strong></span> <span class='ocrx_word' id='word_1_26' title='bbox 1332 721 1476 827; x_wconf 79' lang='lat' dir='ltr'><strong>quippe</strong></span> <span class='ocrx_word' id='word_1_27' title='bbox 1498 723 1613 798; x_wconf 87' lang='lat' dir='ltr'><strong>etiam</strong></span> <span class='ocrx_word' id='word_1_28' title='bbox 1626 723 1814 804; x_wconf 81' lang='lat' dir='ltr'><strong>frumenti</strong></span> 
     </span>
     <span class='ocr_line' id='line_1_5' title="bbox 411 845 1816 954; baseline 0.003 -30"><span class='ocrx_word' id='word_1_29' title='bbox 411 848 545 953; x_wconf 85' lang='lat' dir='ltr'><strong>inopia</strong></span> <span class='ocrx_word' id='word_1_30' title='bbox 575 849 856 951; x_wconf 79' lang='lat' dir='ltr'><strong>temptabatur,</strong></span> <span class='ocrx_word' id='word_1_31' title='bbox 889 845 996 950; x_wconf 88' lang='lat' dir='ltr'><strong>quod</strong></span> <span class='ocrx_word' id='word_1_32' title='bbox 1019 846 1194 924; x_wconf 86' lang='lat' dir='ltr'><strong>Numidae</strong></span> <span class='ocrx_word' id='word_1_33' title='bbox 1219 847 1363 952; x_wconf 79' lang='lat' dir='ltr'><strong>pabulo</strong></span> <span class='ocrx_word' id='word_1_34' title='bbox 1383 846 1528 954; x_wconf 87' lang='lat' dir='ltr'><strong>pecoris</strong></span> <span class='ocrx_word' id='word_1_35' title='bbox 1549 850 1667 954; x_wconf 85' lang='lat' dir='ltr'><strong>magis</strong></span> <span class='ocrx_word' id='word_1_36' title='bbox 1695 879 1816 954; x_wconf 85' lang='lat' dir='ltr'><strong>qrram</strong></span> 
     </span>
     <span class='ocr_line' id='line_1_6' title="bbox 408 955 1813 1078; baseline 0.003 -30"><span class='ocrx_word' id='word_1_37' title='bbox 408 955 499 1048; x_wconf 74' lang='lat' dir='ltr'><strong>arro</strong></span> <span class='ocrx_word' id='word_1_38' title='bbox 527 971 699 1062; x_wconf 83' lang='lat' dir='ltr'><strong>student,</strong></span> <span class='ocrx_word' id='word_1_39' title='bbox 723 987 762 1046; x_wconf 90' lang='lat' dir='ltr'><strong>et</strong></span> <span class='ocrx_word' id='word_1_40' title='bbox 790 969 1062 1074; x_wconf 85' lang='lat' dir='ltr'><strong>quodcumque</strong></span> <span class='ocrx_word' id='word_1_41' title='bbox 1080 987 1216 1046; x_wconf 90' lang='lat' dir='ltr'><strong>natum</strong></span> <span class='ocrx_word' id='word_1_42' title='bbox 1232 970 1377 1062; x_wconf 87' lang='lat' dir='ltr'><strong>fuerat,</strong></span> <span class='ocrx_word' id='word_1_43' title='bbox 1402 971 1507 1048; x_wconf 80' lang='lat' dir='ltr'><strong>iussu</strong></span> <span class='ocrx_word' id='word_1_44' title='bbox 1542 973 1635 1078; x_wconf 67' lang='lat' dir='ltr'><strong>repis</strong></span> <span class='ocrx_word' id='word_1_45' title='bbox 1659 974 1702 1050; x_wconf 91' lang='lat' dir='ltr'><strong>in</strong></span> <span class='ocrx_word' id='word_1_46' title='bbox 1729 977 1813 1052; x_wconf 89' lang='lat' dir='ltr'><strong>loca</strong></span> 
     </span>
     <span class='ocr_line' id='line_1_7' title="bbox 407 1094 1814 1200; baseline 0.003 -28"><span class='ocrx_word' id='word_1_47' title='bbox 407 1095 559 1173; x_wconf 85' lang='lat' dir='ltr'><strong>munita</strong></span> <span class='ocrx_word' id='word_1_48' title='bbox 581 1094 843 1184; x_wconf 82' lang='lat' dir='ltr'><strong>contulerant,</strong></span> <span class='ocrx_word' id='word_1_49' title='bbox 865 1111 1101 1198; x_wconf 78' lang='lat' dir='ltr'><strong>egerentem</strong></span> <span class='ocrx_word' id='word_1_50' title='bbox 1122 1095 1251 1172; x_wconf 82' lang='lat' dir='ltr'><strong>aridus</strong></span> <span class='ocrx_word' id='word_1_51' title='bbox 1270 1111 1309 1171; x_wconf 87' lang='lat' dir='ltr'><strong>et</strong></span> <span class='ocrx_word' id='word_1_52' title='bbox 1325 1095 1480 1200; x_wconf 82' lang='lat' dir='ltr'><strong>frugum</strong></span> <span class='ocrx_word' id='word_1_53' title='bbox 1497 1122 1637 1172; x_wconf 78' lang='lat' dir='ltr'><strong>vacuus</strong></span> <span class='ocrx_word' id='word_1_54' title='bbox 1654 1123 1699 1174; x_wconf 87' lang='lat' dir='ltr'><strong>ea</strong></span> <span class='ocrx_word' id='word_1_55' title='bbox 1718 1116 1814 1176; x_wconf 85' lang='lat' dir='ltr'><strong>tem·</strong></span> 
     </span>
     <span class='ocr_line' id='line_1_8' title="bbox 404 1217 1811 1326; baseline 0.003 -30"><span class='ocrx_word' id='word_1_56' title='bbox 404 1235 548 1326; x_wconf 68' lang='lat' dir='ltr'><strong>pestate</strong></span> <span class='ocrx_word' id='word_1_57' title='bbox 571 1251 579 1294; x_wconf 74' lang='grc' dir='ltr'><strong>ε</strong></span> <span class='ocrx_word' id='word_1_58' title='bbox 604 1246 696 1294; x_wconf 89' lang='lat' dir='ltr'><strong>nam</strong></span> <span class='ocrx_word' id='word_1_59' title='bbox 724 1217 861 1294; x_wconf 75' lang='lat' dir='ltr'><strong>motatio</strong></span> <span class='ocrx_word' id='word_1_60' title='bbox 883 1233 1095 1295; x_wconf 77' lang='lat' dir='ltr'><strong>extremum</strong></span> <span class='ocrx_word' id='word_1_61' title='bbox 1120 1235 1220 1314; x_wconf 81' lang='lat' dir='ltr'><strong>erat3</strong></span> <span class='ocrx_word' id='word_1_62' title='bbox 1247 1235 1375 1296; x_wconf 83' lang='lat' dir='ltr'><strong>tamen</strong></span> <span class='ocrx_word' id='word_1_63' title='bbox 1408 1245 1478 1323; x_wconf 92' lang='lat' dir='ltr'><strong>pro</strong></span> <span class='ocrx_word' id='word_1_64' title='bbox 1509 1219 1563 1296; x_wconf 90' lang='lat' dir='ltr'><strong>rei</strong></span> <span class='ocrx_word' id='word_1_65' title='bbox 1588 1220 1700 1326; x_wconf 85' lang='lat' dir='ltr'><strong>copia</strong></span> <span class='ocrx_word' id='word_1_66' title='bbox 1722 1225 1811 1300; x_wconf 83' lang='lat' dir='ltr'><strong>sotis</strong></span> 
     </span>
     <span class='ocr_line' id='line_1_9' title="bbox 403 1342 1812 1451; baseline 0.004 -30"><span class='ocrx_word' id='word_1_67' title='bbox 403 1344 650 1449; x_wconf 83' lang='lat' dir='ltr'><strong>providenter</strong></span> <span class='ocrx_word' id='word_1_68' title='bbox 670 1356 857 1418; x_wconf 85' lang='lat' dir='ltr'><strong>exornat:</strong></span> <span class='ocrx_word' id='word_1_69' title='bbox 881 1367 997 1446; x_wconf 75' lang='lat' dir='ltr'><strong>pecus</strong></span> <span class='ocrx_word' id='word_1_70' title='bbox 1015 1369 1148 1432; x_wconf 87' lang='lat' dir='ltr'><strong>omne,</strong></span> <span class='ocrx_word' id='word_1_71' title='bbox 1171 1342 1277 1445; x_wconf 83' lang='lat' dir='ltr'><strong>quod</strong></span> <span class='ocrx_word' id='word_1_72' title='bbox 1288 1343 1547 1446; x_wconf 84' lang='lat' dir='ltr'><strong>superioribus</strong></span> <span class='ocrx_word' id='word_1_73' title='bbox 1560 1343 1693 1422; x_wconf 84' lang='lat' dir='ltr'><strong>diebus</strong></span> <span class='ocrx_word' id='word_1_74' title='bbox 1712 1373 1812 1451; x_wconf 77' lang='lat' dir='ltr'><strong>prte-</strong></span> 
     </span>
     <span class='ocr_line' id='line_1_10' title="bbox 402 1464 1813 1570; baseline 0.004 -27"><span class='ocrx_word' id='word_1_75' title='bbox 402 1467 462 1542; x_wconf 79' lang='lat' dir='ltr'><strong>de</strong></span> <span class='ocrx_word' id='word_1_76' title='bbox 492 1468 636 1558; x_wconf 86' lang='lat' dir='ltr'><strong>fuerat,</strong></span> <span class='ocrx_word' id='word_1_77' title='bbox 661 1465 855 1570; x_wconf 73' lang='lat' dir='ltr'><strong>equitibus</strong></span> <span class='ocrx_word' id='word_1_78' title='bbox 875 1464 1086 1540; x_wconf 82' lang='lat' dir='ltr'><strong>auxiliariis</strong></span> <span class='ocrx_word' id='word_1_79' title='bbox 1106 1465 1297 1570; x_wconf 85' lang='lat' dir='ltr'><strong>agendum</strong></span> <span class='ocrx_word' id='word_1_80' title='bbox 1320 1465 1527 1562; x_wconf 86' lang='lat' dir='ltr'><strong>adtribuit;</strong></span> <span class='ocrx_word' id='word_1_81' title='bbox 1555 1469 1813 1548; x_wconf 69' lang='lat' dir='ltr'><strong>nutantium</strong></span> 
     </span>
     <span class='ocr_line' id='line_1_11' title="bbox 401 1587 1812 1700; baseline 0.006 -36"><span class='ocrx_word' id='word_1_82' title='bbox 401 1589 569 1694; x_wconf 83' lang='lat' dir='ltr'><strong>legatum</strong></span> <span class='ocrx_word' id='word_1_83' title='bbox 585 1617 675 1666; x_wconf 88' lang='lat' dir='ltr'><strong>cum</strong></span> <span class='ocrx_word' id='word_1_84' title='bbox 696 1587 917 1665; x_wconf 72' lang='lat' dir='ltr'><strong>cohortibus</strong></span> <span class='ocrx_word' id='word_1_85' title='bbox 941 1587 1125 1694; x_wconf 79' lang='lat' dir='ltr'><strong>expeditis</strong></span> <span class='ocrx_word' id='word_1_86' title='bbox 1147 1587 1197 1664; x_wconf 85' lang='lat' dir='ltr'><strong>ad</strong></span> <span class='ocrx_word' id='word_1_87' title='bbox 1218 1587 1405 1692; x_wconf 90' lang='lat' dir='ltr'><strong>oppidum</strong></span> <span class='ocrx_word' id='word_1_88' title='bbox 1424 1589 1550 1681; x_wconf 83' lang='lat' dir='ltr'><strong>Lario,</strong></span> <span class='ocrx_word' id='word_1_89' title='bbox 1576 1591 1645 1668; x_wconf 90' lang='lat' dir='ltr'><strong>ubi</strong></span> <span class='ocrx_word' id='word_1_90' title='bbox 1666 1593 1812 1700; x_wconf 80' lang='lat' dir='ltr'><strong>stipen-</strong></span> 
     </span>
     <span class='ocr_line' id='line_1_12' title="bbox 400 1709 1811 1818; baseline 0.001 -30"><span class='ocrx_word' id='word_1_91' title='bbox 400 1711 510 1788; x_wconf 87' lang='lat' dir='ltr'><strong>dium</strong></span> <span class='ocrx_word' id='word_1_92' title='bbox 531 1727 570 1788; x_wconf 85' lang='lat' dir='ltr'><strong>et</strong></span> <span class='ocrx_word' id='word_1_93' title='bbox 587 1728 844 1789; x_wconf 87' lang='lat' dir='ltr'><strong>commeatum</strong></span> <span class='ocrx_word' id='word_1_94' title='bbox 866 1710 1074 1801; x_wconf 84' lang='lat' dir='ltr'><strong>locaverat,</strong></span> <span class='ocrx_word' id='word_1_95' title='bbox 1099 1711 1154 1786; x_wconf 91' lang='lat' dir='ltr'><strong>ire</strong></span> <span class='ocrx_word' id='word_1_96' title='bbox 1177 1709 1286 1786; x_wconf 88' lang='lat' dir='ltr'><strong>iubet</strong></span> <span class='ocrx_word' id='word_1_97' title='bbox 1305 1710 1495 1815; x_wconf 85' lang='lat' dir='ltr'><strong>dicitque,</strong></span> <span class='ocrx_word' id='word_1_98' title='bbox 1518 1738 1557 1788; x_wconf 82' lang='lat' dir='ltr'><strong>se</strong></span> <span class='ocrx_word' id='word_1_99' title='bbox 1576 1715 1811 1818; x_wconf 71' lang='lat' dir='ltr'><strong>prmdabun-</strong></span> 
     </span>
     <span class='ocr_line' id='line_1_13' title="bbox 399 1833 1811 1941; baseline 0.006 -29"><span class='ocrx_word' id='word_1_100' title='bbox 399 1835 496 1912; x_wconf 88' lang='lat' dir='ltr'><strong>dum</strong></span> <span class='ocrx_word' id='word_1_101' title='bbox 514 1851 599 1941; x_wconf 75' lang='lat' dir='ltr'><strong>poet</strong></span> <span class='ocrx_word' id='word_1_102' title='bbox 617 1861 759 1940; x_wconf 71' lang='lat' dir='ltr'><strong>paucos</strong></span> <span class='ocrx_word' id='word_1_103' title='bbox 783 1833 865 1910; x_wconf 82' lang='lat' dir='ltr'><strong>dieo</strong></span> <span class='ocrx_word' id='word_1_104' title='bbox 889 1834 1022 1910; x_wconf 79' lang='lat' dir='ltr'><strong>eodem</strong></span> <span class='ocrx_word' id='word_1_105' title='bbox 1041 1849 1258 1910; x_wconf 86' lang='lat' dir='ltr'><strong>venturum.</strong></span> <span class='ocrx_word' id='word_1_106' title='bbox 1293 1833 1355 1910; x_wconf 86' lang='lat' dir='ltr'><strong>Sic</strong></span> <span class='ocrx_word' id='word_1_107' title='bbox 1374 1834 1526 1939; x_wconf 87' lang='lat' dir='ltr'><strong>incepto</strong></span> <span class='ocrx_word' id='word_1_108' title='bbox 1547 1861 1618 1912; x_wconf 81' lang='lat' dir='ltr'><strong>ruo</strong></span> <span class='ocrx_word' id='word_1_109' title='bbox 1639 1843 1811 1920; x_wconf 83' lang='lat' dir='ltr'><strong>occulta·</strong></span> 
     </span>
     <span class='ocr_line' id='line_1_14' title="bbox 336 1955 1809 2066; baseline -0.001 -37"><span class='ocrx_word' id='word_1_110' title='bbox 336 1990 385 2050; x_wconf 80' lang='lat'><strong>·⁹¹</strong></span> <span class='ocrx_word' id='word_1_111' title='bbox 400 1973 440 2037; x_wconf 88' lang='lat' dir='ltr'><strong>to</strong></span> <span class='ocrx_word' id='word_1_112' title='bbox 457 1961 580 2066; x_wconf 82' lang='lat' dir='ltr'><strong>pergit</strong></span> <span class='ocrx_word' id='word_1_113' title='bbox 597 1960 647 2036; x_wconf 88' lang='lat' dir='ltr'><strong>ad</strong></span> <span class='ocrx_word' id='word_1_114' title='bbox 669 1960 817 2036; x_wconf 87' lang='lat' dir='ltr'><strong>flumen</strong></span> <span class='ocrx_word' id='word_1_115' title='bbox 836 1961 992 2035; x_wconf 85' lang='lat' dir='ltr'><strong>Tanam</strong></span> <span class='ocrx_word' id='word_1_116' title='bbox 1033 1957 1208 2034; x_wconf 84' lang='lat' dir='ltr'><strong>Ceterum</strong></span> <span class='ocrx_word' id='word_1_117' title='bbox 1235 1955 1280 2034; x_wconf 87' lang='lat' dir='ltr'><strong>in</strong></span> <span class='ocrx_word' id='word_1_118' title='bbox 1300 1955 1436 2034; x_wconf 88' lang='lat' dir='ltr'><strong>itinere</strong></span> <span class='ocrx_word' id='word_1_119' title='bbox 1457 1958 1596 2036; x_wconf 90' lang='lat' dir='ltr'><strong>cotidie</strong></span> <span class='ocrx_word' id='word_1_120' title='bbox 1614 1988 1734 2066; x_wconf 70' lang='lat' dir='ltr'><strong>penus</strong></span> <span class='ocrx_word' id='word_1_121' title='bbox 1748 1995 1809 2044; x_wconf 73' lang='lat'><strong>01.</strong></span> 
     </span>
     <span class='ocr_line' id='line_1_15' title="bbox 395 2079 1807 2188; baseline 0.004 -26"><span class='ocrx_word' id='word_1_122' title='bbox 395 2084 533 2162; x_wconf 85' lang='lat' dir='ltr'><strong>ercitui</strong></span> <span class='ocrx_word' id='word_1_123' title='bbox 562 2111 632 2188; x_wconf 91' lang='lat' dir='ltr'><strong>per</strong></span> <span class='ocrx_word' id='word_1_124' title='bbox 657 2081 848 2158; x_wconf 80' lang='lat' dir='ltr'><strong>centurias</strong></span> <span class='ocrx_word' id='word_1_125' title='bbox 887 2082 980 2156; x_wconf 82' lang='lat' dir='ltr'><strong>item</strong></span> <span class='ocrx_word' id='word_1_126' title='bbox 1001 2095 1143 2156; x_wconf 82' lang='lat' dir='ltr'><strong>turmas</strong></span> <span class='ocrx_word' id='word_1_127' title='bbox 1165 2079 1362 2182; x_wconf 81' lang='lat' dir='ltr'><strong>aequaliter</strong></span> <span class='ocrx_word' id='word_1_128' title='bbox 1390 2081 1664 2180; x_wconf 81' lang='lat' dir='ltr'><strong>distribuerat3</strong></span> <span class='ocrx_word' id='word_1_129' title='bbox 1694 2104 1738 2166; x_wconf 87' lang='lat' dir='ltr'><strong>et</strong></span> <span class='ocrx_word' id='word_1_130' title='bbox 1763 2119 1807 2166; x_wconf 84' lang='lat' dir='ltr'><strong>er</strong></span> 
     </span>
     <span class='ocr_line' id='line_1_16' title="bbox 396 2203 1808 2308; baseline 0.002 -22"><span class='ocrx_word' id='word_1_131' title='bbox 396 2208 508 2286; x_wconf 81' lang='lat' dir='ltr'><strong>coriis</strong></span> <span class='ocrx_word' id='word_1_132' title='bbox 522 2224 626 2283; x_wconf 84' lang='lat' dir='ltr'><strong>utreo</strong></span> <span class='ocrx_word' id='word_1_133' title='bbox 650 2206 709 2282; x_wconf 90' lang='lat' dir='ltr'><strong>uti</strong></span> <span class='ocrx_word' id='word_1_134' title='bbox 729 2205 881 2295; x_wconf 87' lang='lat' dir='ltr'><strong>fierent,</strong></span> <span class='ocrx_word' id='word_1_135' title='bbox 905 2203 1080 2296; x_wconf 83' lang='lat' dir='ltr'><strong>curabat3</strong></span> <span class='ocrx_word' id='word_1_136' title='bbox 1101 2203 1216 2278; x_wconf 86' lang='lat' dir='ltr'><strong>simul</strong></span> <span class='ocrx_word' id='word_1_137' title='bbox 1239 2203 1322 2300; x_wconf 92' lang='lat' dir='ltr'><strong>[et]</strong></span> <span class='ocrx_word' id='word_1_138' title='bbox 1350 2203 1519 2308; x_wconf 82' lang='lat' dir='ltr'><strong>inopiam</strong></span> <span class='ocrx_word' id='word_1_139' title='bbox 1541 2207 1728 2287; x_wconf 84' lang='lat' dir='ltr'><strong>frumenti</strong></span> <span class='ocrx_word' id='word_1_140' title='bbox 1757 2215 1808 2290; x_wconf 91' lang='lat' dir='ltr'><strong>le·</strong></span> 
     </span>
     <span class='ocr_line' id='line_1_17' title="bbox 396 2325 1807 2440; baseline 0.001 -33"><span class='ocrx_word' id='word_1_141' title='bbox 396 2331 481 2408; x_wconf 83' lang='lat' dir='ltr'><strong>nire</strong></span> <span class='ocrx_word' id='word_1_142' title='bbox 499 2347 551 2408; x_wconf 74' lang='lat' dir='ltr'><strong>et·</strong></span> <span class='ocrx_word' id='word_1_143' title='bbox 564 2330 705 2436; x_wconf 78' lang='lat' dir='ltr'><strong>ignaria</strong></span> <span class='ocrx_word' id='word_1_144' title='bbox 736 2327 915 2404; x_wconf 81' lang='lat' dir='ltr'><strong>omnibus</strong></span> <span class='ocrx_word' id='word_1_145' title='bbox 938 2351 1091 2431; x_wconf 83' lang='lat' dir='ltr'><strong>parare,</strong></span> <span class='ocrx_word' id='word_1_146' title='bbox 1116 2353 1202 2428; x_wconf 86' lang='lat' dir='ltr'><strong>quae</strong></span> <span class='ocrx_word' id='word_1_147' title='bbox 1230 2352 1318 2400; x_wconf 82' lang='lat' dir='ltr'><strong>mox</strong></span> <span class='ocrx_word' id='word_1_148' title='bbox 1342 2325 1429 2402; x_wconf 76' lang='lat' dir='ltr'><strong>usui</strong></span> <span class='ocrx_word' id='word_1_149' title='bbox 1458 2326 1604 2425; x_wconf 78' lang='lat' dir='ltr'><strong>foreut;</strong></span> <span class='ocrx_word' id='word_1_150' title='bbox 1638 2333 1807 2440; x_wconf 82' lang='lat' dir='ltr'><strong>deniqne</strong></span> 
     </span>
     <span class='ocr_line' id='line_1_18' title="bbox 394 2447 1803 2555; baseline 0.005 -25"><span class='ocrx_word' id='word_1_151' title='bbox 394 2469 499 2530; x_wconf 81' lang='lat' dir='ltr'><strong>texto</strong></span> <span class='ocrx_word' id='word_1_152' title='bbox 521 2453 605 2544; x_wconf 79' lang='lat' dir='ltr'><strong>die,</strong></span> <span class='ocrx_word' id='word_1_153' title='bbox 618 2479 741 2555; x_wconf 88' lang='lat' dir='ltr'><strong>quum</strong></span> <span class='ocrx_word' id='word_1_154' title='bbox 761 2450 812 2526; x_wconf 85' lang='lat' dir='ltr'><strong>ad</strong></span> <span class='ocrx_word' id='word_1_155' title='bbox 831 2447 977 2526; x_wconf 83' lang='lat' dir='ltr'><strong>flumen</strong></span> <span class='ocrx_word' id='word_1_156' title='bbox 995 2465 1153 2526; x_wconf 84' lang='lat' dir='ltr'><strong>ventum</strong></span> <span class='ocrx_word' id='word_1_157' title='bbox 1168 2465 1238 2540; x_wconf 82' lang='lat' dir='ltr'><strong>est,</strong></span> <span class='ocrx_word' id='word_1_158' title='bbox 1263 2477 1441 2525; x_wconf 84' lang='lat' dir='ltr'><strong>maxuma</strong></span> <span class='ocrx_word' id='word_1_159' title='bbox 1458 2451 1513 2528; x_wconf 81' lang='lat' dir='ltr'><strong>ris</strong></span> <span class='ocrx_word' id='word_1_160' title='bbox 1534 2455 1683 2532; x_wconf 89' lang='lat' dir='ltr'><strong>utrium</strong></span> <span class='ocrx_word' id='word_1_161' title='bbox 1694 2461 1803 2538; x_wconf 84' lang='lat' dir='ltr'><strong>effec-</strong></span> 
     </span>
     <span class='ocr_line' id='line_1_19' title="bbox 395 2573 1802 2685; baseline -0.006 -33"><span class='ocrx_word' id='word_1_162' title='bbox 395 2591 444 2652; x_wconf 76' lang='lat' dir='ltr'><strong>ta</strong></span> <span class='ocrx_word' id='word_1_163' title='bbox 478 2576 538 2650; x_wconf 88' lang='lat' dir='ltr'><strong>Ibi</strong></span> <span class='ocrx_word' id='word_1_164' title='bbox 561 2575 690 2650; x_wconf 82' lang='lat' dir='ltr'><strong>castris</strong></span> <span class='ocrx_word' id='word_1_165' title='bbox 716 2574 788 2650; x_wconf 79' lang='lat' dir='ltr'><strong>levi</strong></span> <span class='ocrx_word' id='word_1_166' title='bbox 809 2575 1050 2650; x_wconf 87' lang='lat' dir='ltr'><strong>munimento</strong></span> <span class='ocrx_word' id='word_1_167' title='bbox 1078 2573 1237 2676; x_wconf 78' lang='lat' dir='ltr'><strong>positis,</strong></span> <span class='ocrx_word' id='word_1_168' title='bbox 1263 2573 1402 2649; x_wconf 74' lang='lat' dir='ltr'><strong>militer</strong></span> <span class='ocrx_word' id='word_1_169' title='bbox 1426 2574 1558 2651; x_wconf 90' lang='lat' dir='ltr'><strong>cibum</strong></span> <span class='ocrx_word' id='word_1_170' title='bbox 1583 2579 1723 2685; x_wconf 76' lang='lat' dir='ltr'><strong>capere</strong></span> <span class='ocrx_word' id='word_1_171' title='bbox 1745 2601 1802 2660; x_wconf 74' lang='lat' dir='ltr'><strong>at.</strong></span> 
     </span>
     <span class='ocr_line' id='line_1_20' title="bbox 395 2694 1800 2803; baseline 0.009 -30"><span class='ocrx_word' id='word_1_172' title='bbox 395 2723 489 2800; x_wconf 83' lang='lat' dir='ltr'><strong>que,</strong></span> <span class='ocrx_word' id='word_1_173' title='bbox 513 2699 572 2771; x_wconf 87' lang='lat' dir='ltr'><strong>uti</strong></span> <span class='ocrx_word' id='word_1_174' title='bbox 589 2697 704 2772; x_wconf 86' lang='lat' dir='ltr'><strong>oimul</strong></span> <span class='ocrx_word' id='word_1_175' title='bbox 722 2723 813 2772; x_wconf 91' lang='lat' dir='ltr'><strong>cum</strong></span> <span class='ocrx_word' id='word_1_176' title='bbox 833 2723 968 2772; x_wconf 82' lang='lat' dir='ltr'><strong>occasu</strong></span> <span class='ocrx_word' id='word_1_177' title='bbox 991 2694 1078 2772; x_wconf 79' lang='lat' dir='ltr'><strong>eolis</strong></span> <span class='ocrx_word' id='word_1_178' title='bbox 1099 2697 1383 2802; x_wconf 81' lang='lat' dir='ltr'><strong>egrederentur,</strong></span> <span class='ocrx_word' id='word_1_179' title='bbox 1405 2715 1555 2803; x_wconf 84' lang='lat' dir='ltr'><strong>paratos</strong></span> <span class='ocrx_word' id='word_1_180' title='bbox 1577 2727 1654 2778; x_wconf 80' lang='lat' dir='ltr'><strong>esse</strong></span> <span class='ocrx_word' id='word_1_181' title='bbox 1674 2705 1800 2784; x_wconf 87' lang='lat' dir='ltr'><strong>iubet:</strong></span> 
     </span>
     <span class='ocr_line' id='line_1_21' title="bbox 395 2819 1802 2923; baseline 0.009 -27"><span class='ocrx_word' id='word_1_182' title='bbox 395 2820 573 2896; x_wconf 74' lang='lat' dir='ltr'><strong>omnibus</strong></span> <span class='ocrx_word' id='word_1_183' title='bbox 600 2819 756 2895; x_wconf 80' lang='lat' dir='ltr'><strong>sarcinis</strong></span> <span class='ocrx_word' id='word_1_184' title='bbox 786 2819 965 2910; x_wconf 79' lang='lat' dir='ltr'><strong>abiectis,</strong></span> <span class='ocrx_word' id='word_1_185' title='bbox 987 2845 1088 2923; x_wconf 85' lang='lat' dir='ltr'><strong>aqua</strong></span> <span class='ocrx_word' id='word_1_186' title='bbox 1111 2819 1225 2896; x_wconf 90' lang='lat' dir='ltr'><strong>modo</strong></span> <span class='ocrx_word' id='word_1_187' title='bbox 1243 2843 1357 2923; x_wconf 85' lang='lat' dir='ltr'><strong>seque</strong></span> <span class='ocrx_word' id='word_1_188' title='bbox 1381 2837 1420 2896; x_wconf 91' lang='lat' dir='ltr'><strong>et</strong></span> <span class='ocrx_word' id='word_1_189' title='bbox 1441 2819 1611 2902; x_wconf 86' lang='lat' dir='ltr'><strong>iumenta</strong></span> <span class='ocrx_word' id='word_1_190' title='bbox 1633 2853 1802 2910; x_wconf 76' lang='lat' dir='ltr'><strong>onerare.</strong></span> 
     </span>
    </p>
   </div>
   <div class='ocr_carea' id='block_1_3' title="bbox 385 3021 1889 4287">
    <p class='ocr_par' dir='ltr' id='par_1_3' title="bbox 385 3021 1889 3420">
     <span class='ocr_line' id='line_1_22' title="bbox 476 3021 1799 3108; baseline 0.01 -26"><span class='ocrx_word' id='word_1_191' title='bbox 476 3023 551 3106; x_wconf 79' lang='lat' dir='ltr'><strong>Cap.</strong></span> <span class='ocrx_word' id='word_1_192' title='bbox 563 3047 613 3108; x_wconf 84' lang='lat'><strong>9⁰·</strong></span> <span class='ocrx_word' id='word_1_193' title='bbox 633 3024 680 3085; x_wconf 81' lang='lat' dir='ltr'><strong>dis</strong></span> <span class='ocrx_word' id='word_1_194' title='bbox 685 3025 787 3102; x_wconf 74' lang='lat' dir='ltr'><strong>fretur</strong></span> <span class='ocrx_word' id='word_1_195' title='bbox 805 3022 867 3083; x_wconf 86' lang='lat' dir='ltr'><strong>Bar.</strong></span> <span class='ocrx_word' id='word_1_196' title='bbox 881 3043 907 3082; x_wconf 89' lang='lat' dir='ltr'><strong>r.</strong></span> <span class='ocrx_word' id='word_1_197' title='bbox 926 3022 1042 3084; x_wconf 80' lang='lat' dir='ltr'><strong>Fabric.</strong></span> <span class='ocrx_word' id='word_1_198' title='bbox 1054 3043 1080 3084; x_wconf 74' lang='lat' dir='ltr'><strong>a.</strong></span> <span class='ocrx_word' id='word_1_199' title='bbox 1100 3021 1168 3084; x_wconf 84' lang='lat' dir='ltr'><strong>Seu.</strong></span> <span class='ocrx_word' id='word_1_200' title='bbox 1183 3045 1209 3082; x_wconf 88' lang='grc' dir='ltr'><strong>ι.</strong></span> <span class='ocrx_word' id='word_1_201' title='bbox 1228 3023 1336 3091; x_wconf 74' lang='lat' dir='ltr'><strong>Vina.</strong></span> <span class='ocrx_word' id='word_1_202' title='bbox 1357 3023 1454 3086; x_wconf 84' lang='lat' dir='ltr'><strong>Gueli.</strong></span> <span class='ocrx_word' id='word_1_203' title='bbox 1469 3048 1492 3094; x_wconf 83' lang='grc' dir='ltr'><strong>ι.</strong></span> <span class='ocrx_word' id='word_1_204' title='bbox 1507 3048 1533 3087; x_wconf 83' lang='lat' dir='ltr'><strong>r.</strong></span> <span class='ocrx_word' id='word_1_205' title='bbox 1547 3033 1574 3091; x_wconf 80' lang='lat'><strong>3.</strong></span> <span class='ocrx_word' id='word_1_206' title='bbox 1595 3028 1708 3094; x_wconf 82' lang='lat' dir='ltr'><strong>&#39;contro</strong></span> <span class='ocrx_word' id='word_1_207' title='bbox 1726 3045 1799 3098; x_wconf 81' lang='lat' dir='ltr'><strong>tan-</strong></span> 
     </span>
     <span class='ocr_line' id='line_1_23' title="bbox 392 3127 1889 3212; baseline 0.007 -20"><span class='ocrx_word' id='word_1_208' title='bbox 392 3135 448 3194; x_wconf 76' lang='lat' dir='ltr'><strong>lar.</strong></span> <span class='ocrx_word' id='word_1_209' title='bbox 468 3141 576 3193; x_wconf 87' lang='lat' dir='ltr'><strong>contra</strong></span> <span class='ocrx_word' id='word_1_210' title='bbox 595 3151 656 3190; x_wconf 91' lang='lat' dir='ltr'><strong>om.</strong></span> <span class='ocrx_word' id='word_1_211' title='bbox 676 3129 762 3189; x_wconf 74' lang='lat' dir='ltr'><strong>Febr.</strong></span> <span class='ocrx_word' id='word_1_212' title='bbox 790 3129 879 3190; x_wconf 84' lang='lat' dir='ltr'><strong>Rivii.</strong></span> <span class='ocrx_word' id='word_1_213' title='bbox 899 3147 962 3188; x_wconf 87' lang='lat' dir='ltr'><strong>non</strong></span> <span class='ocrx_word' id='word_1_214' title='bbox 985 3135 1110 3210; x_wconf 75' lang='lat' dir='ltr'><strong>poterat.</strong></span> <span class='ocrx_word' id='word_1_215' title='bbox 1131 3147 1193 3188; x_wconf 88' lang='lat' dir='ltr'><strong>non</strong></span> <span class='ocrx_word' id='word_1_216' title='bbox 1213 3127 1346 3208; x_wconf 79' lang='lat' dir='ltr'><strong>quiverat</strong></span> <span class='ocrx_word' id='word_1_217' title='bbox 1364 3129 1462 3192; x_wconf 86' lang='lat' dir='ltr'><strong>Turio.</strong></span> <span class='ocrx_word' id='word_1_218' title='bbox 1493 3134 1659 3212; x_wconf 73' lang='lat' dir='ltr'><strong>nequiuerat</strong></span> <span class='ocrx_word' id='word_1_219' title='bbox 1679 3137 1796 3202; x_wconf 77' lang='lat' dir='ltr'><strong>laidi.</strong></span> <span class='ocrx_word' id='word_1_220' title='bbox 1888 3137 1889 3141; x_wconf 58' lang='grc'>’</span> 
     </span>
     <span class='ocr_line' id='line_1_24' title="bbox 385 3232 1794 3319; baseline 0.011 -27"><span class='ocrx_word' id='word_1_221' title='bbox 385 3235 492 3319; x_wconf 72' lang='lat' dir='ltr'><strong>inopia</strong></span> <span class='ocrx_word' id='word_1_222' title='bbox 510 3235 680 3317; x_wconf 77' lang='lat' dir='ltr'><strong>agitabatur·</strong></span> <span class='ocrx_word' id='word_1_223' title='bbox 698 3232 813 3294; x_wconf 83' lang='lat' dir='ltr'><strong>Fabric.</strong></span> <span class='ocrx_word' id='word_1_224' title='bbox 832 3233 901 3316; x_wconf 52' lang='grc' dir='ltr'><strong>Τοῦ.</strong></span> <span class='ocrx_word' id='word_1_225' title='bbox 921 3252 978 3314; x_wconf 91' lang='lat' dir='ltr'><strong>pro</strong></span> <span class='ocrx_word' id='word_1_226' title='bbox 991 3234 1070 3296; x_wconf 80' lang='lat' dir='ltr'><strong>varia</strong></span> <span class='ocrx_word' id='word_1_227' title='bbox 1083 3236 1148 3293; x_wconf 85' lang='lat' dir='ltr'><strong>lect.</strong></span> <span class='ocrx_word' id='word_1_228' title='bbox 1169 3232 1283 3314; x_wconf 76' lang='lat' dir='ltr'><strong>incepto</strong></span> <span class='ocrx_word' id='word_1_229' title='bbox 1296 3255 1320 3296; x_wconf 80' lang='lat' dir='ltr'><strong>r.</strong></span> <span class='ocrx_word' id='word_1_230' title='bbox 1336 3233 1447 3296; x_wconf 82' lang='lat' dir='ltr'><strong>inculto</strong></span> <span class='ocrx_word' id='word_1_231' title='bbox 1467 3235 1564 3298; x_wconf 85' lang='lat' dir='ltr'><strong>Guell.</strong></span> <span class='ocrx_word' id='word_1_232' title='bbox 1576 3239 1605 3302; x_wconf 81' lang='lat'><strong>3.</strong></span> <span class='ocrx_word' id='word_1_233' title='bbox 1617 3241 1646 3302; x_wconf 89' lang='grc'><strong>6.</strong></span> <span class='ocrx_word' id='word_1_234' title='bbox 1662 3265 1707 3310; x_wconf 79' lang='lat' dir='ltr'><strong>ra.</strong></span> <span class='ocrx_word' id='word_1_235' title='bbox 1727 3246 1794 3309; x_wconf 78' lang='lat' dir='ltr'><strong>Ena.</strong></span> 
     </span>
     <span class='ocr_line' id='line_1_25' title="bbox 390 3335 1355 3420; baseline -0.006 -16"><span class='ocrx_word' id='word_1_236' title='bbox 390 3341 477 3408; x_wconf 75' lang='lat' dir='ltr'><strong>Parit.</strong></span> <span class='ocrx_word' id='word_1_237' title='bbox 490 3364 517 3402; x_wconf 88' lang='lat' dir='ltr'><strong>e.</strong></span> <span class='ocrx_word' id='word_1_238' title='bbox 539 3338 665 3400; x_wconf 83' lang='lat' dir='ltr'><strong>Tanaim</strong></span> <span class='ocrx_word' id='word_1_239' title='bbox 682 3342 729 3400; x_wconf 83' lang='lat' dir='ltr'><strong>vel</strong></span> <span class='ocrx_word' id='word_1_240' title='bbox 751 3336 869 3396; x_wconf 79' lang='lat' dir='ltr'><strong>Tanain</strong></span> <span class='ocrx_word' id='word_1_241' title='bbox 885 3337 1008 3420; x_wconf 86' lang='lat' dir='ltr'><strong>plurimi</strong></span> <span class='ocrx_word' id='word_1_242' title='bbox 1026 3335 1103 3401; x_wconf 89' lang='lat' dir='ltr'><strong>libri.</strong></span> <span class='ocrx_word' id='word_1_243' title='bbox 1126 3335 1240 3396; x_wconf 88' lang='lat' dir='ltr'><strong>Tanam</strong></span> <span class='ocrx_word' id='word_1_244' title='bbox 1258 3341 1355 3418; x_wconf 88' lang='lat' dir='ltr'><strong>pauci.</strong></span> 
     </span>
    </p>

    <p class='ocr_par' dir='ltr' id='par_1_4' title="bbox 386 3462 1887 4287">
     <span class='ocr_line' id='line_1_26' title="bbox 470 3462 1793 3552; baseline 0.01 -25"><span class='ocrx_word' id='word_1_245' title='bbox 470 3467 604 3551; x_wconf 70' lang='lat' dir='ltr'><strong>Cappr.</strong></span> <span class='ocrx_word' id='word_1_246' title='bbox 625 3466 735 3528; x_wconf 67' lang='lat' dir='ltr'><strong>corruta</strong></span> <span class='ocrx_word' id='word_1_247' title='bbox 752 3464 821 3547; x_wconf 70' lang='lat' dir='ltr'><strong>teg.</strong></span> <span class='ocrx_word' id='word_1_248' title='bbox 841 3464 903 3526; x_wconf 86' lang='lat' dir='ltr'><strong>Bor.</strong></span> <span class='ocrx_word' id='word_1_249' title='bbox 916 3486 942 3524; x_wconf 90' lang='lat' dir='ltr'><strong>r.</strong></span> <span class='ocrx_word' id='word_1_250' title='bbox 962 3462 1032 3523; x_wconf 88' lang='lat' dir='ltr'><strong>Tur.</strong></span> <span class='ocrx_word' id='word_1_251' title='bbox 1053 3463 1176 3524; x_wconf 74' lang='lat' dir='ltr'><strong>Bermd.</strong></span> <span class='ocrx_word' id='word_1_252' title='bbox 1196 3465 1348 3544; x_wconf 78' lang='lat' dir='ltr'><strong>aqualiter</strong></span> <span class='ocrx_word' id='word_1_253' title='bbox 1367 3487 1428 3528; x_wconf 89' lang='lat' dir='ltr'><strong>om.</strong></span> <span class='ocrx_word' id='word_1_254' title='bbox 1448 3467 1510 3535; x_wconf 78' lang='lat' dir='ltr'><strong>Bar.</strong></span> <span class='ocrx_word' id='word_1_255' title='bbox 1527 3491 1553 3532; x_wconf 86' lang='lat'><strong>1.</strong></span> <span class='ocrx_word' id='word_1_256' title='bbox 1573 3476 1725 3552; x_wconf 62' lang='lat' dir='ltr'><strong>cequfflter</strong></span> <span class='ocrx_word' id='word_1_257' title='bbox 1744 3479 1793 3540; x_wconf 79' lang='lat' dir='ltr'><strong>di-</strong></span> 
     </span>
     <span class='ocr_line' id='line_1_27' title="bbox 392 3567 1792 3661; baseline 0.004 -28"><span class='ocrx_word' id='word_1_258' title='bbox 392 3570 536 3633; x_wconf 72' lang='lat' dir='ltr'><strong>stribuere</strong></span> <span class='ocrx_word' id='word_1_259' title='bbox 555 3572 651 3631; x_wconf 82' lang='lat' dir='ltr'><strong>Gueli.</strong></span> <span class='ocrx_word' id='word_1_260' title='bbox 662 3571 691 3632; x_wconf 79' lang='lat'><strong>3.</strong></span> <span class='ocrx_word' id='word_1_261' title='bbox 710 3569 900 3631; x_wconf 74' lang='lat' dir='ltr'><strong>dinrduebat</strong></span> <span class='ocrx_word' id='word_1_262' title='bbox 920 3569 1025 3630; x_wconf 77' lang='lat' dir='ltr'><strong>Frauc.</strong></span> <span class='ocrx_word' id='word_1_263' title='bbox 1046 3567 1248 3644; x_wconf 66' lang='lat' dir='ltr'><strong>dr&#39;rtribuoratr</strong></span> <span class='ocrx_word' id='word_1_264' title='bbox 1269 3591 1306 3631; x_wconf 77' lang='lat' dir='ltr'><strong>en</strong></span> <span class='ocrx_word' id='word_1_265' title='bbox 1319 3571 1404 3632; x_wconf 86' lang='lat' dir='ltr'><strong>Bern.</strong></span> <span class='ocrx_word' id='word_1_266' title='bbox 1418 3593 1444 3634; x_wconf 86' lang='lat' dir='ltr'><strong>r.</strong></span> <span class='ocrx_word' id='word_1_267' title='bbox 1460 3573 1548 3635; x_wconf 77' lang='lat' dir='ltr'><strong>simul</strong></span> <span class='ocrx_word' id='word_1_268' title='bbox 1557 3586 1585 3636; x_wconf 81' lang='lat' dir='ltr'><strong>et</strong></span> <span class='ocrx_word' id='word_1_269' title='bbox 1596 3577 1676 3661; x_wconf 81' lang='lat' dir='ltr'><strong>inop.</strong></span> <span class='ocrx_word' id='word_1_270' title='bbox 1696 3591 1792 3645; x_wconf 67' lang='lat' dir='ltr'><strong>arom.</strong></span> 
     </span>
     <span class='ocr_line' id='line_1_28' title="bbox 390 3673 1790 3751; baseline 0.011 -14"><span class='ocrx_word' id='word_1_271' title='bbox 390 3675 454 3737; x_wconf 79' lang='lat' dir='ltr'><strong>Bar.</strong></span> <span class='ocrx_word' id='word_1_272' title='bbox 476 3697 502 3735; x_wconf 90' lang='lat' dir='ltr'><strong>r.</strong></span> <span class='ocrx_word' id='word_1_273' title='bbox 522 3674 613 3742; x_wconf 70' lang='lat' dir='ltr'><strong>And.</strong></span> <span class='ocrx_word' id='word_1_274' title='bbox 634 3675 732 3735; x_wconf 84' lang='lat' dir='ltr'><strong>Guelf.</strong></span> <span class='ocrx_word' id='word_1_275' title='bbox 753 3697 778 3739; x_wconf 89' lang='lat' dir='ltr'><strong>r.</strong></span> <span class='ocrx_word' id='word_1_276' title='bbox 798 3695 826 3735; x_wconf 80' lang='lat' dir='ltr'><strong>a.</strong></span> <span class='ocrx_word' id='word_1_277' title='bbox 861 3673 949 3732; x_wconf 74' lang='lat' dir='ltr'><strong>Pelet.</strong></span> <span class='ocrx_word' id='word_1_278' title='bbox 972 3693 998 3736; x_wconf 88' lang='lat' dir='ltr'><strong>r.</strong></span> <span class='ocrx_word' id='word_1_279' title='bbox 1014 3691 1042 3731; x_wconf 78' lang='lat' dir='ltr'><strong>a.</strong></span> <span class='ocrx_word' id='word_1_280' title='bbox 1075 3673 1136 3736; x_wconf 87' lang='lat' dir='ltr'><strong>duo</strong></span> <span class='ocrx_word' id='word_1_281' title='bbox 1153 3674 1266 3735; x_wconf 79' lang='lat' dir='ltr'><strong>Wauii.</strong></span> <span class='ocrx_word' id='word_1_282' title='bbox 1287 3675 1412 3742; x_wconf 63' lang='lat' dir='ltr'><strong>Burni.</strong></span> <span class='ocrx_word' id='word_1_283' title='bbox 1431 3689 1632 3742; x_wconf 72' lang='lat' dir='ltr'><strong>verutumatret</strong></span> <span class='ocrx_word' id='word_1_284' title='bbox 1654 3685 1790 3751; x_wconf 71' lang='lat' dir='ltr'><strong>cuent·</strong></span> 
     </span>
     <span class='ocr_line' id='line_1_29' title="bbox 392 3765 1887 3866; baseline 0.007 -25"><span class='ocrx_word' id='word_1_285' title='bbox 392 3790 436 3843; x_wconf 79' lang='lat' dir='ltr'><strong>ert</strong></span> <span class='ocrx_word' id='word_1_286' title='bbox 452 3800 513 3847; x_wconf 84' lang='lat' dir='ltr'><strong>om.</strong></span> <span class='ocrx_word' id='word_1_287' title='bbox 531 3780 614 3841; x_wconf 83' lang='lat' dir='ltr'><strong>Leid.</strong></span> <span class='ocrx_word' id='word_1_288' title='bbox 633 3777 791 3857; x_wconf 55' lang='lat' dir='ltr'><strong>hufflatta</strong></span> <span class='ocrx_word' id='word_1_289' title='bbox 808 3785 849 3839; x_wconf 80' lang='lat' dir='ltr'><strong>ert</strong></span> <span class='ocrx_word' id='word_1_290' title='bbox 871 3765 1239 3860; x_wconf 71' lang='lat' dir='ltr'><strong>leid-b.d.e.l,g.rn.n.</strong></span> <span class='ocrx_word' id='word_1_291' title='bbox 1264 3778 1324 3839; x_wconf 86' lang='lat' dir='ltr'><strong>Erl.</strong></span> <span class='ocrx_word' id='word_1_292' title='bbox 1352 3793 1510 3844; x_wconf 71' lang='lat' dir='ltr'><strong>onerarem</strong></span> <span class='ocrx_word' id='word_1_293' title='bbox 1536 3784 1620 3853; x_wconf 79' lang='lat' dir='ltr'><strong>llam.</strong></span> <span class='ocrx_word' id='word_1_294' title='bbox 1642 3811 1669 3851; x_wconf 91' lang='lat' dir='ltr'><strong>r.</strong></span> <span class='ocrx_word' id='word_1_295' title='bbox 1695 3794 1788 3855; x_wconf 62' lang='lat' dir='ltr'><strong>orium</strong></span> <span class='ocrx_word' id='word_1_296' title='bbox 1886 3851 1887 3866; x_wconf 50' lang='grc'>,</span> 
     </span>
     <span class='ocr_line' id='line_1_30' title="bbox 390 3869 1887 3980; baseline 0.005 -33"><span class='ocrx_word' id='word_1_297' title='bbox 390 3895 546 3950; x_wconf 73' lang='lat' dir='ltr'><strong>atomner</strong></span> <span class='ocrx_word' id='word_1_298' title='bbox 564 3887 622 3944; x_wconf 85' lang='lat' dir='ltr'><strong>lere</strong></span> <span class='ocrx_word' id='word_1_299' title='bbox 635 3881 715 3942; x_wconf 68' lang='lat' dir='ltr'><strong>laid.</strong></span> <span class='ocrx_word' id='word_1_300' title='bbox 735 3883 795 3942; x_wconf 86' lang='lat' dir='ltr'><strong>Erl.</strong></span> <span class='ocrx_word' id='word_1_301' title='bbox 815 3881 940 3942; x_wconf 75' lang='lat' dir='ltr'><strong>Bermd.</strong></span> <span class='ocrx_word' id='word_1_302' title='bbox 961 3881 1064 3944; x_wconf 69' lang='lat' dir='ltr'><strong>attuit</strong></span> <span class='ocrx_word' id='word_1_303' title='bbox 1085 3882 1186 3955; x_wconf 63' lang='lat' dir='ltr'><strong>unu.</strong></span> <span class='ocrx_word' id='word_1_304' title='bbox 1203 3885 1446 3964; x_wconf 69' lang='lat' dir='ltr'><strong>prodar-arinen</strong></span> <span class='ocrx_word' id='word_1_305' title='bbox 1458 3890 1531 3953; x_wconf 76' lang='lat' dir='ltr'><strong>Har.</strong></span> <span class='ocrx_word' id='word_1_306' title='bbox 1551 3891 1634 3954; x_wconf 74' lang='lat' dir='ltr'><strong>Laid.</strong></span> <span class='ocrx_word' id='word_1_307' title='bbox 1654 3892 1784 3980; x_wconf 62' lang='lat' dir='ltr'><strong>idemque</strong></span> <span class='ocrx_word' id='word_1_308' title='bbox 1886 3869 1887 3872; x_wconf 8' lang='grc' dir='ltr'><strong>Ἴ</strong></span> 
     </span>
     <span class='ocr_line' id='line_1_31' title="bbox 386 3987 1786 4076; baseline 0.008 -26"><span class='ocrx_word' id='word_1_309' title='bbox 386 3989 528 4076; x_wconf 71' lang='lat' dir='ltr'><strong>proxima</strong></span> <span class='ocrx_word' id='word_1_310' title='bbox 545 3987 717 4065; x_wconf 78' lang='lat' dir='ltr'><strong>noctesueit</strong></span> <span class='ocrx_word' id='word_1_311' title='bbox 730 3987 814 4052; x_wconf 74' lang='lat' dir='ltr'><strong>Febr.</strong></span> <span class='ocrx_word' id='word_1_312' title='bbox 834 3988 943 4068; x_wconf 85' lang='lat' dir='ltr'><strong>aliique</strong></span> <span class='ocrx_word' id='word_1_313' title='bbox 956 3989 1054 4067; x_wconf 82' lang='lat' dir='ltr'><strong>pauci.</strong></span> <span class='ocrx_word' id='word_1_314' title='bbox 1072 3987 1143 4071; x_wconf 65' lang='grc' dir='ltr'><strong>Τις.</strong></span> <span class='ocrx_word' id='word_1_315' title='bbox 1163 3988 1225 4050; x_wconf 81' lang='lat' dir='ltr'><strong>Bar.</strong></span> <span class='ocrx_word' id='word_1_316' title='bbox 1234 3989 1263 4062; x_wconf 73' lang='lat' dir='ltr'><strong>d.</strong></span> <span class='ocrx_word' id='word_1_317' title='bbox 1282 3989 1352 4052; x_wconf 83' lang='lat' dir='ltr'><strong>Tur.</strong></span> <span class='ocrx_word' id='word_1_318' title='bbox 1374 3993 1443 4054; x_wconf 74' lang='lat' dir='ltr'><strong>da&#39;n</strong></span> <span class='ocrx_word' id='word_1_319' title='bbox 1457 3994 1515 4075; x_wconf 76' lang='lat' dir='ltr'><strong>ipra</strong></span> <span class='ocrx_word' id='word_1_320' title='bbox 1533 3989 1639 4058; x_wconf 74' lang='lat' dir='ltr'><strong>nititur</strong></span> <span class='ocrx_word' id='word_1_321' title='bbox 1658 4000 1786 4068; x_wconf 73' lang='lat' dir='ltr'><strong>intentur</strong></span> 
     </span>
     <span class='ocr_line' id='line_1_32' title="bbox 389 4089 1785 4178; baseline 0.011 -22"><span class='ocrx_word' id='word_1_322' title='bbox 389 4114 518 4178; x_wconf 80' lang='lat' dir='ltr'><strong>propere</strong></span> <span class='ocrx_word' id='word_1_323' title='bbox 543 4094 630 4154; x_wconf 87' lang='lat' dir='ltr'><strong>Bern.</strong></span> <span class='ocrx_word' id='word_1_324' title='bbox 642 4096 671 4155; x_wconf 79' lang='lat'><strong>3.</strong></span> <span class='ocrx_word' id='word_1_325' title='bbox 701 4091 735 4151; x_wconf 89' lang='lat' dir='ltr'><strong>in</strong></span> <span class='ocrx_word' id='word_1_326' title='bbox 754 4089 882 4152; x_wconf 74' lang='lat' dir='ltr'><strong>hostium</strong></span> <span class='ocrx_word' id='word_1_327' title='bbox 900 4089 1069 4172; x_wconf 73' lang='lat' dir='ltr'><strong>palmatam</strong></span> <span class='ocrx_word' id='word_1_328' title='bbox 1095 4092 1193 4154; x_wconf 81' lang='lat' dir='ltr'><strong>Guell.</strong></span> <span class='ocrx_word' id='word_1_329' title='bbox 1213 4115 1238 4160; x_wconf 86' lang='lat' dir='ltr'><strong>r.</strong></span> <span class='ocrx_word' id='word_1_330' title='bbox 1267 4113 1370 4174; x_wconf 76' lang='lat' dir='ltr'><strong>cogere</strong></span> <span class='ocrx_word' id='word_1_331' title='bbox 1386 4097 1432 4157; x_wconf 82' lang='lat' dir='ltr'><strong>uti</strong></span> <span class='ocrx_word' id='word_1_332' title='bbox 1445 4097 1537 4161; x_wconf 75' lang='lat' dir='ltr'><strong>dedit.</strong></span> <span class='ocrx_word' id='word_1_333' title='bbox 1559 4099 1707 4169; x_wconf 81' lang='lat' dir='ltr'><strong>Commel.</strong></span> <span class='ocrx_word' id='word_1_334' title='bbox 1729 4111 1785 4172; x_wconf 84' lang='lat' dir='ltr'><strong>ali·</strong></span> 
     </span>
     <span class='ocr_line' id='line_1_33' title="bbox 391 4196 1886 4287; baseline 0.012 -23"><span class='ocrx_word' id='word_1_335' title='bbox 391 4201 550 4287; x_wconf 59' lang='lat' dir='ltr'><strong>qnottl&#39;al.</strong></span> <span class='ocrx_word' id='word_1_336' title='bbox 571 4197 672 4270; x_wconf 58' lang='lat' dir='ltr'><strong>liud·</strong></span> <span class='ocrx_word' id='word_1_337' title='bbox 694 4216 786 4277; x_wconf 74' lang='lat' dir='ltr'><strong>neque</strong></span> <span class='ocrx_word' id='word_1_338' title='bbox 799 4197 903 4259; x_wconf 72' lang='lat' dir='ltr'><strong>coelae</strong></span> <span class='ocrx_word' id='word_1_339' title='bbox 915 4197 1039 4258; x_wconf 73' lang='lat' dir='ltr'><strong>annuis</strong></span> <span class='ocrx_word' id='word_1_340' title='bbox 1049 4196 1116 4275; x_wconf 80' lang='lat' dir='ltr'><strong>suit</strong></span> <span class='ocrx_word' id='word_1_341' title='bbox 1135 4197 1208 4266; x_wconf 88' lang='lat' dir='ltr'><strong>Vin.</strong></span> <span class='ocrx_word' id='word_1_342' title='bbox 1219 4219 1246 4262; x_wconf 88' lang='lat' dir='ltr'><strong>r.</strong></span> <span class='ocrx_word' id='word_1_343' title='bbox 1265 4209 1335 4262; x_wconf 79' lang='lat' dir='ltr'><strong>orne</strong></span> <span class='ocrx_word' id='word_1_344' title='bbox 1351 4221 1442 4282; x_wconf 72' lang='lat' dir='ltr'><strong>neque</strong></span> <span class='ocrx_word' id='word_1_345' title='bbox 1453 4204 1517 4268; x_wconf 81' lang='lat' dir='ltr'><strong>ben.</strong></span> <span class='ocrx_word' id='word_1_346' title='bbox 1537 4217 1607 4270; x_wconf 75' lang='lat' dir='ltr'><strong>arua</strong></span> <span class='ocrx_word' id='word_1_347' title='bbox 1618 4228 1681 4280; x_wconf 82' lang='lat' dir='ltr'><strong>om.</strong></span> <span class='ocrx_word' id='word_1_348' title='bbox 1699 4213 1783 4282; x_wconf 73' lang='lat' dir='ltr'><strong>Febr.</strong></span> <span class='ocrx_word' id='word_1_349' title='bbox 1807 4223 1811 4230; x_wconf 88' lang='lat'>&#39;</span> <span class='ocrx_word' id='word_1_350' title='bbox 1885 4197 1886 4204; x_wconf 7' lang='grc' dir='ltr'>ἵ</span> 
     </span>
    </p>
   </div>
   <div class='ocr_carea' id='block_1_4' title="bbox 0 0 1930 4867">
    <p class='ocr_par' dir='ltr' id='par_1_5' title="bbox 0 0 1930 4867">
     <span class='ocr_line' id='line_1_34' title="bbox 0 0 1930 4867; baseline 0 3"><span class='ocrx_word' id='word_1_351' title='bbox 0 0 1930 4867; x_wconf 95' lang='lat' dir='ltr'><strong> </strong></span> 
     </span>
    </p>
   </div>
  </div>
 </body>
</html>
