3850 4867
659 574 789 648 Oratio
813 570 866 644 Μ.
890 569 1032 642 Licinii.

228 709 305 767 Dies.
326 704 383 764 luit
401 696 587 779 docendique
608 730 623 744 -
643 698 721 756 exuti
740 728 757 741 ·
775 694 920 755 vobismet
938 693 1010 770 ipsis
1035 720 1052 735 -
1078 689 1151 746 illuc
1163 702 1267 743 omnes
1287 714 1304 728 ·
1328 679 1367 739 ad
1386 700 1438 741 vos
1458 680 1549 762 pleri-

152 825 211 885 que
229 838 246 849 -
266 807 317 864 An
338 799 410 858 dub.
429 796 499 855 hab.
524 815 596 853 uum
616 793 732 851 ollicere
751 821 771 837 ·
797 800 877 849 ortus
895 796 938 845 est
956 820 973 832 -
1004 786 1139 843 animum
1167 779 1314 839 advertere
1341 811 1357 823 -
1387 776 1494 836 deinde
1513 794 1551 836 ne

152 921 208 959 nos
229 934 245 945 -
265 898 333 958 trib.
349 894 446 975 plebei
465 926 481 938 -
501 890 583 948 labos
602 924 618 934 -
643 900 673 947 et
688 887 786 969 ignovi
806 885 931 965 quisque
952 879 1125 939 tenuissima
1148 878 1380 959 perfrustrantur
1400 908 1417 920 -
1443 873 1552 934 delini·
1644 910 1650 917 ·

153 1006 256 1055 mento
273 1028 290 1039 -
310 990 433 1070 Pompei
448 1022 465 1033 -
485 1006 543 1068 qua
565 1005 628 1044 non
647 986 721 1065 glor.

579 1150 646 1244 Ep.
676 1146 766 1219 Cnei
788 1142 944 1238 Pompei
968 1139 1021 1213 od
1043 1141 1124 1217 Son.

235 1290 349 1349 Penatis
367 1323 384 1336 -
402 1288 495 1348 Italiac
510 1287 623 1367 egentis
642 1318 657 1330 -
680 1285 873 1344 lacettoneem
885 1279 1025 1361 indigetis
1038 1314 1056 1327 -
1074 1242 1162 1341 nouii
1169 1278 1316 1339 militibus
1335 1312 1352 1325 ·
1370 1276 1518 1339 substinui
1539 1310 1556 1327 ·

154 1384 269 1447 llumen
287 1386 416 1445 Durium
435 1418 451 1430 -
471 1402 527 1464 pro
551 1382 644 1463 queis.

699 1527 765 1624 Ep.
791 1522 1000 1597 Jttitridam.

235 1668 351 1729 Deinde
366 1665 447 1750 quod
460 1666 613 1747 quesitum
635 1698 650 1711 -
668 1665 865 1725 scelestissimi
882 1663 996 1743 egregio
1008 1694 1025 1707 -
1041 1657 1325 1742 Carthaginensibus
1344 1694 1361 1708 ·
1380 1662 1473 1721 fracto
1485 1658 1557 1721 Pbi·

101 1768 104 1775 ’
155 1769 240 1845 lippo
255 1764 398 1825 Antinous
418 1798 434 1810 -
454 1763 533 1843 apud
543 1763 753 1821 Somotraciam
765 1759 826 1842 (m.
837 1758 901 1839 pr.)
922 1791 939 1802 -
951 1756 1167 1837 prodiderunt·
1173 1755 1387 1837 posthabitum
1398 1758 1557 1818 custodiae-

154 1864 236 1922 nlius
249 1862 326 1943 Nysa
345 1895 361 1907 -
381 1858 494 1941 regredi
512 1869 636 1919 conatus
655 1891 672 1904 ·
691 1859 779 1917 aretis
798 1858 871 1917 locis
889 1888 906 1903 ·
926 1853 1072 1915 militibus
1089 1856 1196 1933 procul
1212 1874 1229 1912 a
1247 1853 1354 1931 domo,
1368 1874 1459 1936 pereo
1470 1854 1558 1915 labo-

155 1976 188 2017 re
208 1990 224 2003 ·
244 1978 313 2019 oum
328 1978 426 2039 neque
441 1958 558 2018 vincere
576 1988 593 2001 ·
612 1956 811 2036 potentisque.

654 2118 721 2215 Ep.
745 2116 778 2191 I.
799 2115 851 2189 ad
876 2114 1070 2191 Caesarem
1122 2203 1126 2209 .

237 2255 274 2316 Id
302 2278 337 2318 eo
355 2260 452 2319 euenit
470 2292 488 2305 ·
509 2276 536 2315 a.
558 2256 689 2314 immane
708 2255 822 2315 dietum
842 2266 886 2315 est
904 2288 921 2301 -
939 2254 1135 2313 discesserunt
1153 2286 1170 2299 -
1197 2255 1226 2313 3.
1246 2250 1328 2333 qnod
1348 2254 1454 2331 optim.
1478 2254 1559 2314 sactu

157 2356 197 2415 sit
216 2388 233 2400 -
252 2354 280 2425 d.
302 2355 414 2415 oblivio
435 2354 582 2415 interiecit
601 2385 617 2397 -
637 2354 826 2431 parentisque
845 2386 861 2398 -
879 2352 1032 2431 attingerit
1051 2382 1070 2396 -
1091 2349 1118 2408 5.
1140 2369 1236 2429 quaeso
1250 2348 1434 2408 considerare
1452 2384 1468 2396 -
1488 2350 1559 2410 ciris
1583 2370 1588 2377 ’

158 2470 227 2508 cum
241 2449 353 2509 civibus
372 2486 389 2496 -
409 2451 546 2531 exanguis
565 2452 611 2508 rel
631 2448 796 2506 concordie
815 2482 831 2493 -
850 2450 895 2509 vol
912 2445 1064 2505 discordia
1083 2479 1100 2490 -
1118 2465 1174 2524 pro
1187 2444 1319 2503 secordia
1335 2446 1477 2507 extiment
1490 2480 1506 2493 -
1525 2448 1558 2507 in

158 2546 229 2606 ciris
249 2580 265 2591 -
284 2546 430 2607 veteribus
450 2546 602 2625 conquirit
621 2577 638 2587 -
658 2543 685 2602 6.
700 2564 737 2602 ne
758 2545 813 2602 isto
832 2578 848 2590 -
868 2563 971 2623 proves
988 2543 1058 2600 artis
1077 2574 1094 2587 -
1119 2561 1222 2621 pacem
1238 2552 1268 2600 et
1281 2542 1472 2601 concordiam
1492 2578 1509 2589 -
1531 2566 1559 2624 7.

157 2640 259 2720 plebes
278 2676 295 2689 -
314 2664 402 2701 usum
416 2654 504 2723 etque
517 2642 642 2701 dedecus
663 2673 680 2687 -
699 2642 857 2719 omnisque
868 2642 993 2701 victores
1014 2672 1031 2685 -
1047 2638 1093 2698 uti
1106 2634 1205 2699 adbuc
1222 2670 1239 2685 ·
1257 2639 1327 2719 stip.
1343 2639 1452 2701 sacient
1470 2672 1487 2685 ·
1505 2638 1561 2700 do·

159 2756 223 2797 mos
241 2750 421 2802 reverterunt
439 2773 456 2786 -
475 2759 544 2799 cum
562 2738 642 2798 edita
660 2748 779 2820 pectore
800 2740 904 2799 evolat.

791 2902 858 2996 Ep.
884 2846 941 2970 ΙΙ.

239 3018 403 3103 Cognitum
425 3018 580 3083 habuerim
601 3056 617 3069 -
636 3021 743 3103 dignit.
763 3020 866 3081 baberi
886 3055 903 3066 -
923 3026 1007 3099 cujus
1026 3020 1068 3080 rei
1089 3018 1176 3079 lubet
1194 3052 1211 3066 -
1230 3038 1327 3100 neque
1351 3039 1386 3081 ex
1407 3020 1525 3080 fortuna
1545 3053 1561 3067 -

159 3116 263 3176 defessi
279 3128 350 3177 sunt
368 3154 384 3165 -
407 3141 433 3179 2.
452 3118 576 3200 indigna
592 3120 700 3179 virtute
716 3130 765 3177 tua
785 3120 896 3199 cogitas
916 3150 932 3163 ·
952 3119 1036 3197 queri
1053 3118 1214 3197 quicquam
1233 3116 1362 3177 audeant
1374 3151 1391 3163 -
1411 3122 1439 3179 ὅ.
1454 3119 1487 3175 in
1499 3136 1560 3177 ser-

157 3212 282 3271 vitutem
302 3246 318 3257 -
339 3216 454 3274 tametsi
474 3225 560 3273 autea
579 3248 595 3259 -
608 3213 709 3273 lubet:
731 3216 899 3273 innocentis
918 3247 934 3259 -
953 3212 1111 3272 secordia·
1131 3227 1159 3285 4.
1174 3214 1207 3271 L.
1221 3214 1303 3273 Sulla
1323 3248 1339 3259 -
1356 3214 1448 3293 partis
1464 3233 1531 3273 suos
1543 3248 1560 3259 -

157 3307 319 3367 AHercule
336 3309 480 3369 Catonem
501 3346 518 3356 ·
538 3331 601 3370 non
620 3314 727 3385 luctus,
744 3312 887 3393 gemitus,
906 3311 1055 3384 virorum,
1079 3312 1237 3369 mulierum
1258 3344 1274 3356 -
1293 3310 1511 3370 malefaciundo
1531 3322 1561 3371 et

158 3402 292 3463 dicundo
311 3437 330 3452 ··
353 3406 380 3464 5.
402 3408 434 3464 in
454 3408 543 3465 armis
562 3410 661 3466 autin
681 3409 789 3466 militia
801 3407 897 3465 -artis
916 3408 1050 3485 vitasque
1064 3405 1195 3483 -plebes
1219 3406 1247 3465 6.
1268 3427 1329 3485 quo
1350 3427 1475 3466 moeres
1492 3428 1561 3489 age-

159 3510 208 3558 tur
227 3534 244 3545 -
262 3500 398 3560 socordiae
415 3536 432 3547 -
450 3514 583 3562 auctores
606 3504 726 3563 suerunt
766 3536 782 3549 ·
824 3524 850 3584 7.
871 3500 948 3561 bost.
973 3499 1222 3589 adu-deprimere
1241 3536 1259 3547 -
1274 3514 1412 3561 renouata
1430 3504 1515 3583 plebs
1543 3537 1562 3553 -

159 3597 252 3654 anim.
273 3610 402 3657 exerceto
422 3632 438 3644 ·
458 3612 509 3659 aut
526 3598 698 3658 substuleris
717 3632 734 3645 ·
753 3618 798 3657 res
813 3600 916 3657 reseret
934 3632 950 3643 -
969 3596 1144 3657 succumbat
1163 3617 1225 3655 una
1243 3598 1361 3657 orduo—
1380 3599 1463 3677 lubet
1475 3635 1492 3646 -
1509 3608 1562 3679 jn-

158 3690 272 3751 dicium
291 3696 325 3752 fit
344 3729 361 3740 -
380 3696 408 3754 8.
429 3693 509 3753 haud
529 3694 605 3753 mihi
621 3694 746 3753 absurde
775 3727 792 3737 -
822 3694 950 3753 Graccus
969 3699 1110 3775 -Itaque
1132 3707 1301 3775 coaequatur
1329 3730 1345 3741 -
1370 3698 1477 3755 inertia
1496 3708 1563 3757 stu·

157 3808 216 3867 por
235 3824 250 3833 -
274 3790 421 3849 10.Nuno
439 3794 583 3869 quoniam
603 3827 619 3837 -
639 3793 718 3852 civit.
733 3800 762 3849 et
774 3792 908 3849 nationes
929 3824 946 3834 ·
967 3790 1050 3870 plebs
1069 3826 1085 3837 -
1105 3794 1197 3871 patris
1214 3827 1231 3839 -
1248 3805 1351 3853 contra
1368 3792 1461 3853 bostis
1479 3815 1562 3853 -so-

157 3883 261 3943 cordia
280 3920 297 3931 -
316 3890 455 3966 pleraque
473 3889 573 3946 insitio
593 3922 609 3932 -
629 3889 670 3946 ita
692 3890 725 3946 in
743 3890 861 3947 occulto
881 3922 897 3932 -
917 3887 1044 3949 dubium
1063 3900 1107 3948 est
1127 3924 1143 3935 -
1171 3910 1245 3969 resp.
1261 3889 1412 3967 adjutetur
1430 3924 1446 3936 -
1465 3908 1562 3954 secor·

156 3976 240 4038 diam
261 4012 276 4025 -
298 3981 444 4040 insomnis
463 4017 479 4028 -
499 3983 591 4043 bonas
609 3985 679 4043 artis
699 4018 715 4029 ·
735 3986 898 4065 pergentis
919 3987 1019 4045 omnis
1038 4021 1055 4033 -
1074 3974 1233 4045 utilissima
1249 3988 1338 4046 iactu.

155 4140 164 4147 ’
258 4148 458 4224 Ex'Codd.
481 4151 693 4237 Vaticanis,
719 4154 787 4255 qui
812 4155 1004 4259 integrum
1034 4159 1239 4233 Catilinam
1268 4173 1307 4231 et
1330 4158 1561 4263 Jugurtham

154 4261 378 4356 continent,
402 4290 465 4341 sex
484 4266 656 4385 meliores
676 4270 889 4347 accuratius
903 4273 1115 4351 examinavi
1129 4291 1168 4352 et
1184 4274 1362 4352 lectiones
1378 4290 1560 4379 praestan·
