3850 4867
1492 332 1560 412 155

154 540 215 603 re,
240 541 375 620 cogere
398 517 629 592 exercitum:
652 511 838 603 civitates,
863 539 950 617 quse
972 514 1021 588 ab
1044 538 1083 590 se
1100 509 1332 603 defecerant,
1355 507 1561 590 formidine

153 655 223 713 aut
245 640 473 715 ostentando
498 638 653 743 praemia
684 638 894 712 adfectare:
919 637 1157 713 communire
1181 663 1266 713 suos
1290 637 1409 727 locos,
1434 663 1559 730 arma,

153 764 245 853 tela,
273 764 446 865 aliaque,
475 755 561 866 quae
589 789 654 868 spe
680 763 782 866 pacis
803 763 997 854 amiserat,
1024 761 1175 837 reficere
1199 777 1268 836 aut
1294 764 1558 838 commercari:

150 888 303 966 servitia
317 891 578 962 Romanorum
606 886 770 961 adlicere
789 902 827 961 ct
846 912 907 961 eos
926 886 1040 990 ipsos,
1066 885 1135 989 qui
1160 885 1203 962 in
1223 883 1405 992 praesidiis
1430 905 1558 980 erant,

149 1014 318 1117 pecunia
338 1028 545 1116 temptare:
570 1036 723 1115 prorsus
750 1008 853 1085 nihil
880 1011 1069 1084 intactum
1097 1037 1222 1113 neque
1250 1011 1424 1114 quietum
1450 1013 1559 1118 petit

152 1153 296 1212 cuncta
317 1139 466 1241 agitare.
503 1137 626 1240 Igitur
648 1139 873 1226 Vaccenses‚
907 1161 984 1238 quo
1006 1134 1181 1210 Metellus
1212 1135 1342 1226 initio,
1373 1137 1558 1242 Iugurtha

151 1261 398 1365 pacificante,
423 1260 643 1365 praesidium
663 1259 911 1363 imposuerat,
935 1259 1083 1363 fatigati
1107 1257 1201 1363 regis
1218 1260 1413 1364 suppliciis
1434 1288 1558 1364 neque

153 1405 268 1461 antea
302 1386 500 1462 voluntate
529 1384 706 1473 alienati,
732 1382 923 1487 principes
956 1382 1116 1457 civitatis
1144 1381 1247 1456 inter
1271 1409 1309 1458 se
1334 1386 1558 1460 coniurant:

154 1541 247 1588 nam
270 1512 420 1617 volgus,
442 1511 501 1584 uti
521 1509 749 1613 plerumque
764 1507 879 1596 solet,
903 1522 942 1580 et
960 1533 1136 1581 maxume
1159 1506 1435 1602 Numidarum,
1456 1510 1559 1615 inge-

153 1639 219 1714 nio
234 1637 373 1712 mobili
383 1693 392 1726 ,
401 1634 620 1712 seditiosum
635 1647 751 1733 atque
765 1629 1039 1704 discordiosum
1056 1645 1153 1720 erat,
1172 1631 1357 1732 cupidum
1370 1661 1557 1710 novarum

116 1788 120 1794 ·
153 1786 314 1864 rerum,
329 1759 450 1863 quieti
471 1774 509 1834 et
530 1757 607 1832 otio
626 1755 828 1830 advorsum
853 1788 861 1827 :
887 1753 1000 1844 dein,
1021 1755 1236 1857 compositis
1259 1755 1408 1834 intense
1425 1762 1556 1850 rebus,

154 1889 196 1962 in
214 1887 321 1963 diem
338 1884 496 1960 tertium
513 1881 769 1972 constituunt3
784 1877 899 1981 'quod
914 1878 945 1954 is
961 1878 1075 1952 festus
1097 1878 1380 1983 celebratusque
1398 1909 1468 1985 per
1479 1909 1558 1960 om.

153 2039 243 2087 nem
261 2009 431 2085 Africam
449 2004 587 2081 ludum
602 2021 641 2079 et
658 2003 851 2079 lasciviam
876 2001 994 2106 magis
1021 2029 1137 2105 quam
1169 2001 1413 2079 formidinem
1435 2025 1559 2083 osten-

155 2138 268 2212 tabat.
322 2131 394 2209 Sed
417 2131 485 2206 ubi
507 2147 655 2235 tempus
676 2128 768 2217 fuit,
787 2127 1027 2203 centuriones
1052 2127 1303 2230 tribunosque
1327 2129 1502 2206 militaris
1521 2149 1559 2208 et

154 2255 523 2368 ipsumvpraefectum
539 2252 680 2358 oppidi,
702 2254 742 2326 T.
763 2251 984 2354 Turpilium
1002 2249 1200 2340 Silanum,
1227 2251 1324 2326 alius
1352 2254 1472 2329 aliurn
1491 2255 1560 2332 do-

155 2413 236 2464 mos
261 2409 349 2461 suas
374 2381 567 2456 invitant:
598 2403 660 2454 eos
689 2374 833 2467 omnis,
864 2390 1002 2479 praeter
1032 2375 1270 2478 Turpilium,
1296 2377 1397 2453 inter
1427 2380 1559 2484 epulas

157 2512 394 2590 obtruncant
415 2539 423 2579 ε
448 2519 576 2608 postea
596 2502 733 2576 milites
749 2499 936 2603 palantis,
952 2499 1135 2589 inermos,
1161 2499 1306 2604 quippe
1330 2501 1372 2576 in
1405 2505 1473 2578 tali
1498 2505 1560 2582 die

155 2664 199 2713 ac
221 2635 306 2712 sine
335 2630 524 2735 imperio,
547 2626 831 2732 adgrediuntur.
881 2622 988 2697 Idem
1024 2623 1152 2726 plebes
1184 2623 1294 2715 facit,
1319 2652 1406 2730 pars
1436 2628 1561 2706 edocti

159 2762 208 2837 ab
233 2757 459 2843 nobilitate,
479 2752 547 2826 alii
566 2749 694 2825 studio
712 2748 850 2824 talium
871 2773 999 2821 rerum
1020 2747 1198 2822 incitati:
1223 2748 1308 2852 quis
1334 2767 1418 2826 acts
1440 2754 1562 2830 consi-

55 2905 59 2912 ·
159 2885 335 2988 liumque
364 2876 629 2985 ignorantibus
651 2856 839 2959 mmultus
859 2870 939 2975 ipse
959 2884 997 2944 et
1021 2896 1078 2946 res
1101 2898 1209 2947 novae
1237 2873 1325 2947 satis
1348 2874 1562 2986 placebant.

158 3088 197 3145 its
205 3083 319 3147 Carrio.
340 3079 444 3142 milites
456 3087 483 3136 et
496 3084 591 3156 negot.
613 3071 716 3133 milites
728 3093 789 3132 om.
801 3071 863 3135 aas.
879 3089 903 3133 ι.
925 3091 1029 3134 msec.
1050 3068 1134 3130 Rern.
1150 3093 1175 3136 1.
1196 3072 1255 3132 iac.
1271 3093 1296 3132 a.
1324 3071 1442 3132 Comm.
1464 3073 1521 3134 Pal.
1533 3097 1562 3155 7.

159 3189 281 3252 Icidd.
299 3186 382 3269 paces
393 3203 442 3265 spe
454 3193 505 3243 aut
519 3178 656 3260 spcpocis
676 3178 772 3237 Gnell.
786 3181 813 3239 3.
827 3177 855 3236 6.
869 3197 897 3256 7.
908 3197 936 3256 9.
953 3196 997 3235 ro.
1014 3197 1058 3240 rr.
1073 3197 1119 3237 12.
1146 3177 1213 3237 Ecc.
1234 3177 1317 3242 Rem.
1334 3198 1359 3236 1.
1379 3179 1440 3238 inc.
1461 3183 1562 3240 Franc.

160 3295 209 3360 Ic.
235 3295 332 3356 Struv.
352 3292 453 3352 Vinar.
471 3307 498 3347 a.
519 3287 599 3347 Vrat.
620 3283 700 3347 leid.
715 3304 740 3342 c.
753 3281 784 3341 h.
798 3282 826 3341 l.
841 3287 903 3342 l.n.
930 3283 989 3341 Erl.
1010 3281 1110 3351 ΒΜ.
1131 3280 1216 3340 Bern.
1229 3303 1254 3340 r.
1273 3282 1354 3362 pacis
1369 3302 1429 3362 spes
1448 3279 1529 3342 Icid.
1541 3283 1561 3342 i.

158 3399 253 3460 Turic.
274 3399 359 3458 Bern.
371 3396 399 3456 3.
420 3392 588 3454 Mamiliam
603 3391 745 3448 meliores.
779 3387 830 3446 alii
852 3386 980 3446 Mamili.
1006 3389 1051 3446 rel
1074 3384 1179 3450 Illonil.
1198 3387 1332 3466 perculsa
1345 3407 1398 3467 per
1415 3387 1469 3466 leg.
1500 3387 1560 3448 Erl.

160 3507 238 3569 leid.
251 3505 282 3563 h.
295 3526 326 3562 n.
341 3502 444 3572 finali.
464 3519 508 3561 ro.
536 3498 595 3556 inc.
607 3513 633 3554 a.
655 3492 739 3551 Rem.
758 3511 782 3548 ι.
801 3509 937 3566 percussa
955 3493 1073 3551 vratd.
1096 3489 1192 3555 Guell.
1209 3513 1253 3549 ιι.

241 3634 315 3715 Cap.
331 3633 379 3693 66.
410 3628 516 3708 incepit
536 3628 592 3685 inc.
614 3624 664 3682 dc.
685 3622 780 3679 Struv.
802 3618 885 3681 Rem.
901 3637 925 3674 ι.
952 3617 1021 3676 vin.
1036 3639 1062 3676 a.
1083 3617 1151 3677 Tur.
1181 3619 1277 3678 Guell.
1289 3621 1317 3680 6.
1330 3643 1399 3702 Μ,
1414 3643 1459 3681 10,
1480 3621 1561 3682 hid,

162 3763 188 3805 a.
201 3763 227 3802 e.
241 3741 261 3800 i.
276 3741 304 3798 lt.
318 3760 360 3797 m.
378 3757 409 3800 n.
439 3735 554 3810 alioque
570 3727 671 3788 omnia
690 3725 770 3784 Laid.
782 3723 812 3788 b.
833 3721 894 3782 alio
910 3723 1012 3782 omnio
1038 3723 1161 3782 Leitn.
1184 3727 1360 3802 atqucolr'a,
1376 3747 1439 3805 quae
1460 3729 1518 3787 inc.
1535 3749 1562 3790 π,

162 3848 222 3906 ulio
238 3866 301 3924 quse
320 3845 388 3903 Ecc.
409 3839 505 3902 Guelf.
518 3837 547 3896 3.
567 3835 636 3893 Tur.
657 3833 777 3892 berni.
802 3827 946 3905 Vagenses
966 3827 1064 3886 Narar.
1096 3826 1238 3889 {forenses
1258 3831 1403 3890 Commel.
1425 3831 1561 3892 Guelfig,

169 3973 201 4012 ro
232 3952 335 4031 volgus
356 3947 418 4006 Bas.
434 3966 459 4003 ι.
479 3945 575 4000 Senat.
596 3937 685 4000 dead.
706 3937 804 3994 lleuss.
823 3934 904 3991 Vrat.
918 3953 945 3991 2.
975 3932 1048 3991 disc.
1063 3943 1136 3992 erat.
1158 3945 1231 3994 erat.
1246 3957 1306 3994 om.
1322 3936 1473 3995 duolibrI.
1493 3937 1563 3997 dein

164 4057 240 4117 Risii
254 4055 331 4116 libri.
349 4051 540 4114 constituunt.
566 4044 699 4104 deterior.
723 4039 791 4098 libri
811 4039 936 4107 codem,
964 4037 1196 4115 intersectionem
1207 4079 1219 4111 ,
1246 4041 1418 4100 orobionem
1437 4043 1562 4104 addunt,

166 4160 319 4222 Sullanum
330 4158 409 4220 birli
423 4153 526 4216 vetusti
544 4161 572 4210 et
588 4147 710 4209 Palatini
729 4142 1089 4225 plures,Silonom‘pauci
1102 4165 1136 4203 cs
1151 4145 1210 4202 Pal.
1230 4143 1387 4228 Syllanam
1399 4149 1459 4206 3151,
1480 4143 1573 4208 fimi

169 4289 228 4329 mos
247 4269 308 4327 Bas.
325 4289 349 4325 ι.
370 4261 451 4322 Leid.
464 4264 484 4319 l.
506 4258 566 4316 dno
579 4255 666 4316 Risit.
683 4251 777 4332 plebes
790 4269 866 4309 unus
878 4248 966 4310 ltirii.
988 4247 1071 4308 Besa.
1084 4247 1112 4308 Ζ.
1135 4250 1198 4327 quis
1213 4272 1313 4310 coines
1330 4253 1387 4311 scre
1407 4251 1485 4312 libri.
