3850 4867
1479 322 1551 398 277

141 470 198 533 tas
230 480 337 541 esset
382 432 454 547 Sed
475 436 660 576 quoniam
685 479 874 582 coaequari
900 478 1062 585 gratiam
1091 480 1267 554 omnium
1299 478 1452 554 difficile
1471 492 1551 553 est·
1539 533 1553 574 ‚

139 582 296 689 quippe
315 617 405 667 cum
429 595 504 671 illis
527 599 717 676 maiorum
743 604 862 678 virtus
890 618 1042 707 partam
1066 601 1265 705 reliquerit
1290 602 1469 707 gloriam,
1493 601 1555 711 di⁴

136 707 350 809 gnitatem,
366 717 581 797 clientelas:
574 740 721 799 ·cetera
744 725 972 817 multitudo,
983 726 1204 923 pleraque
1194 725 1353 801 insititia
1377 724 1445 817 sit3
1469 748 1553 800 sen-

137 832 285 909 tentias
304 864 438 916 corum
457 872 479 917 a
501 862 606 939 metu
627 846 770 923 libera:
796 850 849 923 ita
871 849 979 925 occul
1036 848 1108 923 sibi
1127 876 1289 951 qunque
1309 848 1464 924 alterius
1486 874 1554 952 po-

134 957 261 1033 tentia
284 963 409 1039 carior
430 968 511 1042 erit.
548 969 747 1046 Libertas
737 987 842 1047 iuxta
862 971 974 1047 bonis
993 988 1032 1047 et
1052 973 1177 1062 malis,
1206 973 1370 1047 strenuis
1387 988 1425 1047 et
1446 973 1553 1075 igna-

133 1077 209 1170 vis,
237 1054 422 1187 optabilis
444 1106 506 1165 est
540 1095 801 1190 ,Verumeam
820 1095 995 1199 plerique
1016 1114 1122 1172 metu
1145 1097 1342 1187 deserunt,
1365 1097 1553 1172 stultissu-

135 1204 190 1277 mi
214 1211 409 1311 mortales.
453 1214 609 1311 Quod
598 1243 640 1293 ιιι
669 1220 875 1295 certamine
897 1220 1078 1310 dubium,
1115 1247 1298 1322 quorsum
1322 1219 1486 1309 accidat,
1511 1219 1552 1294 id

133 1353 205 1429 per
238 1329 424 1411 inertiam
452 1337 494 1411 in
513 1365 573 1430 se,
591 1342 844 1463 quasivicti,
878 1343 1079 1447 recipiunt
1118 1346 1240 1447 Igitur
1261 1344 1410 1419 duabus
1437 1342 1551 1418 rebus

134 1452 366 1533 confirmari
390 1486 495 1564 posse
521 1455 697 1540 senatum
716 1484 837 1571 puto:
873 1469 905 1543 si
933 1495 1094 1544 numero
1117 1494 1252 1542 auctus
1274 1495 1343 1572 per
1370 1466 1552 1541 tabellam

133 1582 373 1657 sententiam
393 1584 495 1661 seret
533 1588 688 1663 Tabella
715 1591 889 1666 obtentui
910 1592 1001 1681 erit,
1027 1618 1105 1694 quo
1130 1591 1246 1695 magis
1272 1590 1402 1665 animo
1428 1588 1552 1665 libero

133 1697 266 1779 facere
289 1708 450 1782 audeatz
475 1709 517 1784 in
537 1702 788 1789 multitudine
813 1732 852 1790 et
871 1714 1035 1818 praesidii
1065 1716 1170 1818 plus,
1204 1732 1244 1790 et
1267 1742 1357 1790 usus
1386 1714 1553 1818 amplior

135 1842 198 1899 est
241 1830 344 1904 Nam
363 1831 458 1923 fere,
482 1832 541 1907 his
571 1838 874 1939 tempestatibus,
902 1838 969 1911 alii
995 1837 1145 1912 iudiciis
1168 1838 1355 1941 publicis,
1381 1838 1447 1912 alii
1471 1834 1552 1940 pri-

134 1952 232 2025 vatis
256 1954 335 2029 suis
355 1970 471 2057 atque
486 1958 698 2034 amicorum
718 1962 875 2065 negotiis
896 1960 1102 2063 implicati,
1126 1960 1235 2036 baud
1255 1988 1345 2035 sane
1364 1960 1550 2062 reipubli-

135 2096 189 2145 cae
213 2077 386 2153 consiliis
408 2079 617 2155 adfuerunt
641 2116 648 2156 :
673 2110 798 2185 netpre
816 2109 887 2179 *eos
913 2082 1030 2186 magis
1057 2076 1257 2187 occupatio
1280 2112 1397 2187 quam
1417 2109 1550 2185 super·

135 2195 185 2271 ba
211 2198 375 2306 imperia
408 2204 623 2281 distinuere.
678 2208 859 2281 Homines
886 2204 1031 2281 nobiles
1063 2232 1153 2281 cum
1173 2209 1305 2310 paucis
1320 2206 1551 2307 ‘senatoriis‘

135 2345 233 2420 quos
261 2324 523 2403 additamenta
547 2328 722 2404 factionis
744 2327 908 2419 babent,
935 2355 1188 2432 quaecumque
1209 2329 1353 2420 lubuit,
1374 2330 1550 2434 probare,

135 2448 436 2548 reprehendere,
471 2452 690 2543 decernere,
726 2480 788 2543 ea,
822 2451 881 2527 uti
910 2452 1047 2527 lubido
1074 2453 1197 2541 tulit,
1220 2451 1351 2528 lacere
1399 2458 1546 2530 Verum

135 2568 225 2660 ubi,
252 2600 415 2650 numero
438 2594 658 2653 senatorum
684 2594 816 2666 aucto,
841 2603 909 2679 per
933 2575 1113 2649 tabellam
1135 2575 1331 2650 sententiae
1351 2576 1546 2668 dicentum

137 2716 198 2767 11ae
218 2695 279 2770 illi
300 2699 518 2802 superbiam
540 2726 649 2775 suam
672 2700 885 2787 dimittent,
911 2698 979 2771 ubi
1002 2698 1047 2771 iis
1063 2698 1321 2795 obediendum
1345 2700 1436 2792 erit,
1459 2702 1548 2803 qui-

137 2812 214 2903 bus
232 2838 346 2895 antea
375 2824 644 2900 crudelissume
664 2823 944 2928 imperitabant
988 2822 1183 2910 Forsitan,
1208 2821 1435 2925 imperator,
1458 2852 1545 2928 per·
1559 2844 1594 2884 ¹²

139 2934 245 3018 lectis
268 2943 405 3035 literis,
441 2946 644 3039 desideres,
674 2976 789 3051 quem
812 2974 1017 3022 numerum
1040 2962 1259 3020 senatorum
1282 2944 1366 3019 lieri
1386 2946 1548 3048 placeat,

137 3086 293 3169 quoque
310 3068 452 3144 modo
441 3096 471 3144 rs
489 3071 531 3145 in
544 3060 667 3146 multa
685 3088 723 3146 et
740 3072 844 3146 varia
864 3071 984 3144 ossicia
999 3068 1273 3161 distribuatur,
1292 3068 1434 3143 iudicia
1448 3097 1545 3188 quo-

137 3186 242 3263 niam
262 3192 395 3294 primae
416 3194 523 3267 classi
544 3193 814 3269 committenda
841 3208 992 3297 putem,
1018 3216 1104 3294 quae
1124 3190 1347 3294 descriptio,
1373 3191 1440 3299 qui
1469 3219 1543 3266 nu·

136 3333 263 3390 merus
295 3315 336 3390 in
362 3344 516 3418 quoqne
537 3344 670 3420 genere
693 3315 846 3390 iuturus
867 3316 923 3390 sit
974 3318 1030 3389 Ea
1051 3313 1149 3387 mibi
1175 3316 1304 3389 omnia
1331 3315 1540 3418 generatim

138 3430 348 3513 describere
365 3439 473 3513 haud
496 3439 648 3515 difficile
674 3440 780 3514 factu
803 3439 902 3513 fuit:
926 3440 991 3514 sed
1012 3440 1118 3542 prius
1141 3436 1398 3511 laborandum
1417 3438 1541 3512 visum

139 3576 191 3631 est
207 3563 256 3637 de
276 3566 423 3638 sumnia
444 3564 621 3654 consilii,
638 3563 753 3666 idque
773 3562 843 3637 tibi
865 3564 1111 3666 probandum
1134 3588 1267 3637 verum
1287 3586 1371 3635 esse.
1408 3561 1447 3635 Si
1466 3560 1541 3636 boc

140 3678 276 3761 itinere
295 3688 353 3760 uti
370 3687 593 3778 decreveris,
617 3704 737 3762 cetera
759 3687 800 3761 in
829 3704 1014 3790 promptu
1035 3702 1158 3762 erunt.
1208 3680 1307 3758 Volo
1331 3710 1399 3788 ego
1419 3685 1544 3759 consi-

141 3797 235 3885 lium
256 3836 385 3885 meum
409 3811 577 3917 prudens
599 3836 852 3913 maxumeque
872 3810 956 3885 usui
977 3836 1059 3887 esse.
1096 3810 1193 3883 Nam
1209 3806 1446 3912 ubicumque
1468 3807 1540 3883 tibi

143 3994 223 4103 Febr.
235 4006 311 4070 Bric.
326 4008 446 4070 dttbium
463 4018 511 4071 est.
533 4018 573 4069 est
591 4027 652 4067 om.
667 4005 748 4071 Fabr.
769 4017 798 4065 et
817 4006 941 4065 Brin-
963 4002 1037 4083 Cap.
1052 4024 1097 4062 ιι.
1119 4024 1230 4083 quoquc
1242 4007 1333 4065 modo
1350 4003 1427 4064 isr'n
1444 4004 1539 4065 matra

144 4106 238 4172 Varie.
259 4112 286 4207 is
303 4117 388 4173 ceteri
410 4136 469 4173 οιιι.
496 4112 711 4175 ἀιζιιιιῖιιαιηιιιν
736 4108 848 4169 iudicia
868 4110 1008 4187 quoniam
1028 4107 1160 4168 omnibus
1183 4106 1299 4187 primae
1320 4108 1419 4191 clnssir
1438 4111 1548 4173 Vatis:
1571 4198 1576 4204 ,

147 4210 356 4277 duratuuntur
365 4218 476 4279 r'cdr‘cio
495 4218 634 4297 quonium
646 4214 751 4296 primu
765 4212 1042 4275 contuentia.
1056 4209 1270 4272 committenda
1281 4212 1408 4273 mniecit
1420 4211 1498 4295 Lips.
1507 4222 1538 4272 et
