3850 4867
314 306 388 355 ¹¹11

312 456 485 567 gurthini
513 457 607 535 ordo
638 455 818 559 capitum
836 452 1016 529 confines
1037 468 1113 543 est,
1145 468 1184 528 et
1215 451 1354 528 dauns
1377 478 1458 529 non
1478 480 1612 559 pauca.
1649 458 1722 533 Ca·

314 600 387 688 put
425 586 517 660 CIII.
546 581 743 683 excipiunt
780 580 891 655 CXII.
921 580 1051 654 CXIII.
1076 578 1204 653 cxlv.
1229 602 1316 680 quae
1344 576 1489 683 integra
1516 578 1723 683 leguntur;

210 742 223 767 ·
315 707 431 782 finem
452 706 545 781 facit
568 704 688 783 oratio
709 703 803 807 regis
819 700 926 775 Bocci
952 700 1002 776 ad
1018 699 1158 776 Sillarn„
1185 700 1353 777 Collatus
1375 717 1431 775 ert
1455 718 1494 777 et
1518 701 1584 777 bic
1607 702 1723 793 liber,

312 846 350 907 et
369 830 435 906 alii
453 830 531 905 duo
550 828 770 903 Basileenses
790 826 831 899 in
848 824 1011 927 gratiam
1028 825 1146 900 Cortii
1164 825 1213 899 ab
1236 823 1362 913 Iselio,
1381 824 1525 913 sed,ut
1544 824 1624 902 fere
1645 825 1725 902 lieri

311 954 423 1043 solet,
449 952 537 1027 satis
570 950 821 1055 negligenter3
845 973 971 1048 neque
1002 964 1098 1051 puto
1126 946 1206 1022 lieri
1240 972 1368 1051 posse,
1390 962 1436 1021 ut
1463 949 1532 1050 qui
1560 948 1721 1025 editores

309 1074 538 1163 consilium,
569 1089 607 1149 et
632 1071 727 1174 quid
749 1070 988 1174 potissimum
1020 1087 1217 1174 sequatur,
1250 1070 1446 1176 cognitum
1467 1098 1548 1147 non
1564 1068 1723 1163 habeat,

311 1226 373 1291 ea,
402 1226 478 1303 qua
497 1197 605 1274 decet
624 1194 838 1299 diligentia,
863 1192 938 1269 hoc
959 1221 1118 1271 munere
1137 1192 1329 1298 iungatur.
1362 1193 1476 1270 Unde
1496 1192 1725 1292 factumest,

313 1342 358 1402 ut
391 1322 540 1401 Curtius
580 1318 713 1424 saepius
749 1316 842 1394 falso
878 1315 987 1393 hunc
1017 1317 1194 1393 Codicem
1225 1318 1471 1408 laudaverit3
1506 1317 1571 1394 sed
1592 1318 1720 1395 omnia

314 1448 540 1550 conquirere
571 1469 704 1520 eorum
731 1456 810 1530 est,
842 1438 911 1541 qui
940 1466 1167 1545 magnorum
1198 1440 1368 1516 virorum
1402 1439 1503 1514 vitiis
1529 1440 1721 1546 exagitan-

312 1570 370 1647 dis
385 1569 457 1645 sibi
471 1566 736 1643 auctoritatem
756 1578 942 1666 quaeruna
966 1562 1097 1665 Neque
1120 1561 1194 1638 hoc
1213 1561 1469 1638 omittendum
1484 1580 1555 1654 ert,
1568 1566 1720 1639 tertiam

313 1695 494 1799 paginam
516 1690 592 1765 hoc
614 1688 746 1778 titulo,
766 1686 901 1760 litteris
922 1685 1048 1761 rubris
1065 1685 1222 1789 scripto,
1238 1710 1313 1759 esse
1335 1703 1530 1776 ornatam,
1557 1688 1603 1763 G.
1624 1687 1722 1762 Cris-

309 1825 353 1917 pi
381 1818 531 1892 Saturi
563 1813 696 1905 bellum
729 1810 981 1885 Catilinarium
1010 1815 1142 1907 incipit.
1195 1808 1338 1882 Littera
1373 1836 1527 1912 quoque
1563 1808 1721 1885 initialis

311 1941 461 2045 pictura
496 1936 660 2041 insignis.
696 1931 768 2009 Sed
799 1931 873 2007 hoc
912 1930 1098 2034 imprimis
1127 1947 1340 2008 memoratu
1371 1932 1561 2037 dignum,
1594 1933 1720 2009 Salus·

311 2065 411 2141 tium
431 2064 473 2137 in
497 2059 674 2135 omnibus
697 2056 915 2145 Codicihus,
941 2080 1036 2156 quos
1056 2052 1194 2145 evolvi,
1209 2056 1317 2129 unol
1339 2082 1413 2130 esse
1431 2054 1635 2159 scriptum,
1654 2082 1717 2131 ne·

311 2214 388 2291 que
420 2185 531 2260 aliter
574 2184 614 2257 in
645 2180 797 2284 optimis
823 2176 1005 2252 Prisciani
1040 2178 1145 2265 Mss,
1179 2194 1217 2251 et
1239 2178 1282 2252 in
1311 2178 1574 2281 antiquissimo
1600 2178 1718 2254 Servii

313 2310 470 2396 Codice,
496 2308 563 2409 qui
587 2306 628 2380 in
642 2311 777 2379 'nostra
803 2298 1036 2375 Bibliotheca
1064 2316 1279 2377 asservatur.
1329 2301 1459 2398 Quare
1485 2302 1719 2407 optimorum

315 2434 506 2509 librorum
525 2430 755 2532 scripturam
770 2424 939 2528 expressi.

383 2553 605 2629 Melioribus
629 2551 734 2625 libris
757 2550 871 2625 etiam
890 2550 1097 2623 Turicenrrs
1116 2549 1147 2623 I.
1173 2548 1483 2624 adnumerandus
1505 2566 1581 2639 est,
1605 2575 1719 2653 quem

317 2676 549 2754 bibliotheca
569 2674 747 2761 Carolina
762 2671 871 2747 nobis
887 2668 1150 2774 suppeditavit.
1179 2672 1386 2773 Inscriptus
1404 2690 1481 2746 est:
1505 2675 1641 2772 Incipit
1652 2676 1721 2749 Sa-

316 2802 463 2890 Iustius,
484 2825 572 2903 quae
599 2798 724 2872 rubris
761 2793 894 2869 litteris
923 2810 1074 2869 exarata
1102 2808 1201 2868 sunt.
1258 2794 1405 2898 Viginti
1433 2790 1559 2898 capita
1590 2798 1719 2901 priora

287 3008 292 3015 ,
319 2925 494 3003 Catilinae
526 2950 546 2997 a
572 2921 703 2995 ceteris
726 2919 895 2993 seiuncta
918 2934 955 2991 et
982 2906 1085 2991 bello
1114 2915 1343 3019 Iugurthino
1365 2918 1586 3021 interposita
1619 2937 1717 2995 sunt.
1763 2924 1774 2935 ”

316 3050 444 3125 Etiam
473 3046 544 3123 sub
577 3044 693 3119 linem
723 3039 918 3145 Iugurthae
941 3039 1180 3142 cumplures
1205 3040 1352 3142 paginae
1385 3057 1568 3117 vetustata
1597 3060 1635 3118 et
1659 3027 1717 3119 inss

315 3172 452 3249 cendio
480 3184 600 3246 essent
634 3165 795 3251 deletae,
827 3163 949 3237 multa
976 3162 1035 3238 bis
1063 3178 1215 3238 exarata
1249 3190 1319 3238 nec
1339 3190 1462 3267 pauca
1495 3165 1544 3238 ab
1572 3165 1648 3241 alio
1673 3166 1719 3241 li-

318 3296 446 3370 brario
479 3294 621 3396 scripta
652 3314 726 3363 esse
756 3286 942 3361 videntur.
997 3287 1095 3360 Nam
1120 3302 1218 3360 totus
1245 3285 1362 3363 codex
1392 3314 1414 3360 a
1445 3288 1611 3363 secunda
1640 3318 1719 3365 ma·

318 3447 375 3497 nu
405 3415 626 3492 emendatus
651 3428 713 3485 est.
756 3412 838 3485 Imo
866 3407 1064 3485 nonnullis
1093 3406 1241 3512 paginis
1275 3410 1391 3484 trium
1423 3438 1612 3487 mnrium
1643 3440 1720 3489 ves-
1791 3426 1796 3436 ’

319 3543 408 3647 tigia
435 3538 746 3640 conspiciuntur;
780 3533 923 3636 prima,
948 3556 1034 3633 quae
1055 3530 1247 3619 Codicem,
1273 3533 1458 3621 exaravit,
1481 3534 1611 3626 altera,
1635 3564 1720 3640 quae

317 3667 520 3767 antiquam
547 3660 777 3762 scripturam
796 3656 984 3749 restituit,
1019 3654 1128 3731 tertia
1155 3656 1390 3760 glossatoris,
1424 3657 1492 3759 qni
1516 3675 1624 3735 notas
1654 3662 1720 3736 ad·

317 3789 477 3901 scripsit.
515 3784 747 3859 Membrana
767 3778 1039 3869 vetustissima,
1062 3778 1199 3854 ductus
1220 3779 1433 3854 litterarum
1447 3780 1573 3882 primo
1589 3784 1720 3860 Codici

319 3910 517 3990 basileensi
542 3906 649 3981 haud
667 3902 874 3993 absimiles,
899 3902 1012 3977 cuius
1030 3900 1207 3977 lectiones
1231 3902 1364 4005 saepius
1386 3903 1595 3981 confirmat
1646 3908 1719 3985 Sed

320 4038 443 4115 multo
461 4032 583 4145 maior
600 4004 810 4104 similitudo
827 4054 862 4103 er
851 4022 1078 4102 intercedit
1099 4051 1188 4100 cum
1203 4025 1430 4102 Fabriciano
1442 4028 1586 4131 primo,
1602 4058 1719 4134 quem

320 4159 470 4240 Cornus
482 4170 660 4245 excussit
678 4167 716 4231 et
728 4148 1136 4258 Tegernseensr,quem
1146 4148 1338 4227 Harlesius
1349 4150 1588 4229 examinavit
1612 4154 1718 4255 Qua·
