3850 4867
332 263 403 357 154

327 444 407 533 da,
439 445 710 522 Mastanabalis
736 445 860 536 lilius,
895 447 1099 524 Masinissae
1124 471 1239 550 nepos
1251 475 1261 538 ς
1296 468 1412 546 quem
1436 439 1596 542 Micipsa
1621 450 1725 512 testa-

329 580 457 638 mento
472 559 682 642 secuudum
703 562 882 640 heredem
899 565 1117 669 scripserat,
1144 561 1286 638 morbis
1307 558 1500 636 confectus
1518 571 1557 629 et
1580 554 1630 630 ob
1646 577 1725 626 eam

329 707 499 757 caussam
522 697 649 756 mente
677 681 855 784 paullum
885 681 1100 756 imminuta.
1143 681 1215 754 Cui
1235 675 1409 754 Metellus
1433 671 1600 778 petenti,
1627 693 1727 744 more

329 823 461 903 regum
485 813 530 872 ut
548 798 680 872 sellam
702 799 807 876 iuxta
826 813 1006 902 poneret,
1040 797 1132 872 item
1151 813 1279 900 postea
1301 789 1481 868 custodiae
1500 809 1631 864 caussa
1653 804 1729 860 tur·

329 943 431 988 mam
451 913 626 1024 equitum
640 917 919 1006 Romanorum,
936 931 1144 1018 utrumque
1163 925 1363 1016 negaverat
1374 941 1389 985 2.-
1404 905 1610 996 honorem,
1628 905 1731 1008 quod'

329 1057 462 1109 eorum
491 1030 604 1106 modo
632 1027 752 1121 foret,
785 1057 879 1134 quos
910 1031 1076 1134 populus
1101 1031 1294 1106 Romanus
1322 1051 1422 1132 reges
1454 1022 1731 1126 adpellavissct3

329 1147 569 1252 praesidium,
590 1147 696 1252 quotl
723 1147 1040 1222 contumeliosum
1062 1145 1103 1222 in
1133 1172 1193 1220 cos
1216 1145 1330 1237 foret,
1357 1149 1388 1223 si
1410 1148 1554 1252 equites
1570 1139 1733 1220 Romani

328 1263 504 1339 satellites
530 1262 704 1337 Numidae
744 1263 993 1338 traderentur.
1050 1264 1166 1336 Hunc
1197 1263 1341 1338 Marius
1368 1265 1527 1339 anxium
1564 1257 1730 1364 adgredi-

330 1396 396 1456 tur
421 1397 538 1482 atque
555 1377 749 1471 hortatur,
774 1396 819 1454 ut
839 1379 1161 1456 contumeliarum
1192 1377 1428 1481 imperatoris
1459 1406 1548 1452 oum
1573 1403 1642 1451 suo
1669 1401 1731 1446 au-

328 1489 422 1570 xilio
439 1521 572 1600 poeuas
600 1511 723 1599 petat5
750 1493 947 1571 hominem
968 1496 1017 1570 ob
1038 1496 1190 1570 morbos
1211 1493 1341 1570 animo
1363 1522 1503 1598 parum
1528 1491 1655 1566 valido
1683 1515 1733 1564 se·

328 1612 460 1706 'pundo
489 1611 660 1686 oratioue
689 1611 863 1687 extollit:
896 1611 1010 1686 illum
1035 1637 1177 1716 regem,
1221 1611 1415 1715 ingentem
1443 1610 1587 1700 virum,
1624 1609 1732 1682 Masi-

330 1728 439 1804 nissoe
468 1744 645 1832 nepotem
669 1751 762 1802 esse:
787 1729 818 1802 si
836 1725 1023 1832 Iugurtha
1051 1743 1184 1832 captus
1213 1743 1282 1802 aut
1306 1726 1449 1802 occisus
1475 1725 1600 1816 foret,¹
1618 1726 1733 1830 impe·

332 1847 434 1920 rium
453 1844 644 1919 Numidiae
665 1843 748 1918 sine
768 1870 874 1918 mora
899 1843 1142 1919 habiturum:
1167 1841 1207 1918 id
1220 1843 1315 1919 adeo
1329 1860 1478 1918 mature
1489 1869 1595 1946 posse
1611 1841 1734 1917 eveni-

333 1989 383 2052 re,
398 1962 432 2037 si
443 1961 523 2065 ipse
536 1959 669 2036 consul
685 1959 735 2033 ad
752 1959 792 2033 id
805 1960 951 2036 bellum
965 1960 1096 2036 missus
1113 1958 1218 2035 foret
1243 1963 1379 2062 Itaque
1396 1975 1434 2034 et
1450 1959 1562 2033 illum
1576 1975 1614 2033 et
1633 1957 1736 2060 equi-

336 2094 386 2154 tes
401 2080 607 2166 Romanos,
625 2075 764 2150 milites
773 2094 812 2150 et
822 2077 1071 2181 negotiatores
1092 2076 1185 2150 alios
1206 2075 1304 2180 ipse,
1328 2077 1527 2180 plerosque
1537 2089 1619 2178 spes
1637 2073 1736 2177 pacis

334 2193 514 2297 impellit,
528 2194 588 2268 uti
597 2194 757 2266 Romam
769 2193 818 2268 ad
829 2218 916 2268 suos
932 2191 1155 2269 necessarios
1168 2217 1296 2297 aspere
1309 2194 1351 2268 in
1358 2191 1561 2268 Metellum·
1576 2191 1623 2266 de
1638 2189 1736 2266 bello

333 2311 520 2396 scribent,
533 2308 701 2382 Marium
717 2309 985 2412 imperatorem
997 2325 1162 2414 poscant
1187 2309 1248 2384 Sic
1261 2309 1319 2386 illi
1332 2335 1353 2384 a
1368 2308 1498 2384 multis
1511 2306 1736 2382 mortalibus

333 2425 606 2502 honestissuma
627 2425 899 2529 suffragatione
917 2426 1136 2502 consulatus
1159 2425 1379 2528 petebatur5
1402 2423 1516 2498 simul
1533 2417 1576 2498 ea
1599 2439 1737 2526 tempe-

337 2567 433 2623 state
446 2548 590 2654 plebes,
601 2549 801 2626 nobilitate
818 2547 986 2654 fusaper
1002 2550 1122 2655 legem
1136 2549 1370 2638 Mamiliam,
1396 2573 1512 2625 novos
1524 2542 1738 2622 extollebat

285 2676 392 2757 salta
411 2671 541 2746 Mario
564 2689 702 2746 cuncta
731 2673 941 2776 procedere.
979 2673 1138 2748 Interim
1167 2669 1357 2778 Iugurtha.
1381 2661 1584 2776 postquam
1605 2673 1737 2748 omissa

334 2794 526 2873 deditione
546 2795 692 2876 bellum
715 2796 875 2900 incipitp
893 2825 982 2872 cum
996 2787 1239 2902 magnacum
1258 2823 1393 2901 parare
1413 2797 1562 2885 omnia,
1589 2795 1738 2872 festina-

366 2981 375 2994 ⁴
417 2993 490 3075 Cap.
503 2994 554 3056 65.
568 2993 787 3056 -ttsmtmabetis
806 2994 868 3055 Bas.
884 3017 908 3059 1.
931 2995 1012 3061 fabr.
1030 3017 1055 3061 1.
1075 2995 1171 3056 Sonat.
1185 3016 1210 3054 1.
1234 2994 1331 3055 G'uell.
1348 3016 1373 3054 ι.
1389 2995 1426 3066 4..
1438 2995 1518 3056 Laid.
1536 2995 1554 3059 i.
1586 2993 1637 3052 sed
1655 2995 1737 3054 etiam

333 3101 392 3162 hoe
406 3105 475 3161 Ioco
489 3099 557 3159 libri
572 3101 694 3163 radent.
714 3099 919 3160 Mastanabalis
934 3111 1063 3182 quatuor
1072 3103 1202 3162 meliores
1214 3099 1340 3162 Gruteri.
1361 3099 1445 3164 Bam.
1461 3121 1486 3159 1.
1499 3102 1525 3164 5.
1549 3095 1739 3161 Mortastaba-

333 3208 368 3266 tis
384 3207 499 3270 Grutee
520 3205 605 3263 Febr.
617 3225 644 3264 2.
665 3206 731 3264 inc.¹
748 3206 887 3270 vinam.
908 3204 997 3266 lead.
1027 3203 1107 3264 Laid.
1120 3205 1190 3265 c.d2
1204 3206 1223 3263 I.
1236 3228 1264 3284 g.
1293 3203 1499 3264 Monostobilit
1519 3207 1617 3286 plures
1637 3205 1737 3264 CortiI.

297 3375 301 3382 ,
334 3312 414 3372 Laid.
428 3333 455 3376 e.
466 3311 497 3374 b.
510 3311 538 3374 k.
549 3313 571 3369 l.
591 3311 750 3374 aliialiter.
768 3309 920 3388 paulalmn
938 3311 1092 3370 deteriores
1104 3308 1196 3370 Cottii
1211 3321 1239 3370 et
1254 3309 1381 3372 crateri.
1403 3309 1484 3370 Laid.
1497 3309 1561 3375 ad.
1574 3332 1599 3370 e.
1609 3313 1630 3369 f.
1639 3331 1668 3393 g.
1678 3307 1707 3368 b.
1720 3309 1742 3370 ἰ.

332 3415 418 3480 Berm
434 3438 459 3475 ι.
471 3415 503 3477 3.
527 3415 558 3472 in
574 3433 622 3476 eos
641 3435 703 3474 om.
724 3414 809 3474 Febr.
822 3437 847 3474 1.
868 3416 999 3496 quiaque
1014 3413 1127 3476 Waott
1148 3414 1267 3475 satelliti
1286 3417 1372 3474 multi
1387 3414 1471 3489 libri„
1489 3414 1573 3478 Febr.
1592 3415 1662 3476 tin.
1682 3417 1738 3478 inc.

335 3519 422 3584 llam.
442 3519 546 3582 l'rmc.
566 3519 661 3581 Strur.
681 3521 779 3584 Senot.
793 3539 820 3586 a.
842 3520 940 3586 Ηωιι.
960 3519 1052 3580 lead.
1072 3519 1152 3582 Vrat.
1179 3519 1277 3579 Guell.
1292 3523 1318 3582 5.
1332 3519 1360 3580 6.
1374 3540 1444 3602 Μ.
1460 3541 1506 3578 10.
1523 3540 1567 3579 ιι.
1583 3539 1630 3580 ta.
1660 3518 1739 3579 Laid.

335 3623 366 3682 d.
379 3625 401 3682 l.
412 3621 444 3687 b.'
455 3624 476 3682 i.
488 3627 510 3682 l.
522 3643 563 3683 m.
573 3643 604 3685 n.
624 3623 686 3686 Bae·
697 3622 726 3694 4.
747 3622 845 3686 Turia·
874 3625 1118 3685 contumeliarum
1135 3623 1168 3684 in
1195 3623 1399 3702 imperatorem
1418 3621 1532 3684 Fabu'c.
1545 3645 1573 3684 a.
1596 3625 1695 3686 Senat.
1714 3643 1737 3684 ι.

330 3725 427 3788 euers.
440 3748 467 3787 a.
486 3725 568 3790 leid.
579 3750 606 3787 a.
618 3749 645 3788 c.
660 3727 691 3786 d.
702 3749 727 3787 e.
739 3729 760 3793 I.
773 3749 801 3811 g.
814 3727 846 3791 h.
858 3747 890 3788 n.
909 3727 1007 3788 Turia.
1041 3728 1214 3810 imperatori
1218 3737 1223 3748 ’
1242 3727 1303 3788 Bas.
1318 3749 1343 3790 1.
1356 3731 1385 3801 4.
1405 3729 1490 3795 bem.
1510 3728 1607 3792 laad..
1621 3729 1701 3791 Vrat.
1712 3749 1738 3789 a.

335 3833 479 3894 incerta.
499 3832 621 3893 teiam.
635 3835 655 3893 i,
668 3833 727 3894 tt.
737 3855 787 3897 m„
802 3832 948 3894 Commel.
967 3833 1053 3897 Palat.
1065 3833 1124 3914 5.7.
1134 3835 1200 3914 ⁸·9e
1222 3837 1323 3908 Frena.
1344 3833 1549 3916 Guels.6.7.9.
1561 3856 1606 3896 ιο.
1621 3857 1666 3896 ιι.
1682 3835 1739 3912 r·-

343 3936 476 4005 1is·.a.‚b.
488 3959 517 3998 c.
532 3938 561 3997 d.
572 3959 598 3998 e,
619 3937 824 4018 imperatorem
841 3938 936 4001 Stma.
957 3939 1062 4002 iucert.
1073 3958 1099 3998 1.
1129 3937 1229 3998 lleuss.
1248 3937 1353 4000 Senot..
1363 3959 1392 4002 a.
1419 3938 1594 4020 inperatore
1613 3939 1698 4000 Febr.
1714 3962 1737 4000 ι.

336 4061 433 4126 repr.
455 4041 514 4105 m.
528 4047 556 4106 s.
577 4041 761 4123 impensem
779 4041 876 4102 cuae
891 4041 996 4115 eat.
1019 4044 1077 4121 (m.
1090 4043 1153 4124 pr.)
1174 4029 1737 4126 tin.2.auqu0t2w··si.ssm.'1.s.

336 4148 364 4210 si
381 4147 414 4211 νί
428 4147 489 4234 lug.
509 4147 571 4210 Bas.
589 4168 615 4209 ι.
635 4147 747 4210 cocum
763 4155 842 4210 esset.
862 4146 948 4213 Febr,
966 4169 999 4218 ι.
1013 4147 1117 4216 Frena.
1128 4149 1214 4232 soret
1234 4149 1331 4214 aetefi.
1358 4150 1400 4210 ad
1411 4149 1516 4212 bellum
1534 4148 1636 4211 misem
1654 4145 1734 4210 Febr.
