3850 4867
336 334 491 385 -xvtu

410 491 656 586 Chartaceus,
668 495 943 573 recentissimus
958 512 998 573 et
1013 498 1329 605 negligentissime
1346 498 1509 604 scriptus
1534 516 1597 576 est.
1631 506 1809 578 Ceterum

410 644 539 694 omnes
551 620 601 695 ad
611 620 813 695 meliorum
824 622 1013 697 librorum
1025 624 1289 699 auctoritatem
1299 623 1527 700 firmandam
1536 625 1647 701 utiles
1654 644 1810 730 3praete-

410 770 473 817 rea
493 744 625 846 quade
637 770 748 819 causa
760 746 826 819 alii
838 747 928 819 libri
951 746 1082 820 multis
1095 747 1137 821 in
1158 746 1249 821 locis
1262 749 1433 851 corrupti
1448 748 1546 837 sint,
1570 750 1679 824 exiis
1700 751 1811 825 intel-

410 866 511 971 ligas.
535 870 797 969 Bergerianur,
823 868 1113 945 exbibliotbeca
1138 869 1358 959 Misenensi,
1381 871 1519 947 saeculo
1535 874 1636 948 XIV.
1649 877 1812 978 scriptus

411 1016 487 1065 csse
516 991 674 1066 videtur.
722 995 778 1065 Ex
804 1020 847 1067 eo
867 1018 1008 1096 paucas
1026 993 1204 1067 lectiones
1222 992 1372 1068 Coi-tius
1406 996 1572 1085 notavit,
1597 1000 1709 1099 quia,
1733 1025 1811 1099 quo

413 1120 580 1219 tempore
611 1143 701 1191 eum
723 1116 907 1220 inspexit.
933 1142 1029 1221 opus
1060 1142 1170 1220 paene
1194 1116 1411 1193 absolverat
1464 1118 1660 1196 Gudianus
1684 1122 1810 1218 (bibl.

413 1240 513 1315 Gud.
532 1242 627 1338 181.)
642 1242 799 1315 Membr.
818 1268 908 1315 cuna
927 1241 1003 1315 alia
1017 1240 1208 1316 Ciceronis
1228 1241 1431 1345 opuscula,
1457 1259 1541 1318 turn
1569 1244 1813 1319 declamatio-

413 1392 501 1454 nes,
533 1391 619 1467 quae
640 1367 771 1469 Crispo
799 1364 957 1469 adiungi
991 1364 1135 1451 solent,
1160 1366 1357 1441 continet.
1381 1366 1472 1441 Haec
1497 1366 1545 1443 de
1561 1368 1644 1441 Mss.
1666 1370 1813 1443 Cortic-

415 1490 482 1563 nis.
509 1490 606 1563 Nam
627 1489 741 1563 Editt.
761 1504 919 1579 veteres,
940 1512 1035 1589 quas
1049 1486 1237 1577 laudavit,
1263 1489 1417 1579 omitto,
1441 1516 1567 1592 neque
1591 1490 1636 1565 iis
1645 1492 1814 1567 multum

413 1612 527 1715 pretii
551 1612 796 1688 statuendum
820 1638 895 1687 esse
917 1636 1068 1705 censeo,
1099 1637 1189 1686 cum
1210 1612 1315 1686 enim
1332 1638 1400 1689 nos
1421 1612 1557 1718 firgiat,
1583 1614 1814 1717 adquorum

416 1736 531 1813 codd.
554 1736 667 1813 fidem
692 1736 771 1810 istae
792 1736 870 1810 sint
890 1735 989 1839 typis
1007 1736 1218 1839 exscriptae3
1239 1734 1321 1811 fieri
1341 1752 1478 1840 potest,
1497 1752 1543 1811 ut
1563 1738 1699 1841 saepius
1718 1739 1815 1814 eius-

415 1858 502 1935 dem
524 1860 613 1935 libri
635 1859 811 1934 lectiones
830 1874 887 1933 ter
915 1874 1094 1961 quaterve
1113 1859 1338 1955 laudentur,
1363 1860 1429 1935 sed
1447 1860 1523 1935 alic
1553 1862 1719 1937 nomine

492 1985 581 2059 Cocl.
598 1986 892 2085 Tegernseensis,
918 1982 960 2057 in
976 1980 1208 2057 bibliotheca
1225 1984 1443 2059 monasterii
1456 1984 1624 2060 Bararici
1648 1986 1741 2061 olim
1759 2012 1815 2062 as-
1878 1984 1881 1986 “

413 2124 598 2198 servatus,
632 2108 709 2182 iam
738 2107 845 2183 haud
878 2106 994 2181 dubie
1017 2106 1224 2182 Monacum
1245 2106 1479 2199 translatus,
1511 2108 1667 2183 membr.
1692 2110 1815 2185 forma

416 2248 544 2307 octava
556 2290 579 2321 „
591 2231 875 2334 antiquissimus
894 2246 933 2303 et
957 2228 1082 2304 nitore
1101 2229 1273 2334 insignis,
1297 2230 1469 2305 continet
1486 2230 1638 2307 Salustii
1654 2252 1693 2307 et
1713 2235 1815 2307 Cice-

414 2363 516 2431 ror‘u's
543 2361 748 2440 invectivas,
780 2372 937 2458 quantor
967 2353 1153 2428 cicerone
1171 2357 1355 2429 orationes
1377 2358 1416 2425 in
1441 2354 1656 2445 castinum,
1682 2356 1815 2431 bellarm

418 2480 670 2555 Catilinarium
698 2488 734 2553 et
757 2480 1021 2577 Iugurthinum
1071 2476 1302 2551 Litterarum
1325 2475 1463 2552 ductus
1490 2469 1581 2553 sunt
1610 2480 1759 2555 venusti
1774 2498 1814 2554 et

416 2603 626 2693 crassiores,
648 2628 789 2705 pauca,
813 2626 899 2704 quae
921 2598 1033 2675 tacite
1047 2598 1253 2704 intelligas,
1275 2617 1484 2675 occurrunt
1501 2601 1692 2677 scribendi
1712 2630 1815 2679 corn-

416 2726 581 2832 pendia3
606 2725 646 2800 id
676 2724 780 2829 quod
808 2722 898 2799 libri
926 2724 1195 2826 antiquitatem
1221 2741 1338 2825 atque
1363 2724 1629 2800 auctoritatem
1645 2727 1734 2802 satis
1758 2755 1815 2804 os-

416 2848 548 2927 tendit.
586 2850 701 2924 Pauci
723 2864 874 2923 tantum
891 2873 1018 2923 versus
1038 2846 1267 2948 antiquitate
1286 2863 1326 2920 et
1343 2872 1417 2921 usu
1436 2844 1680 2949 aliquantum
1703 2852 1817 2926 oblit-

415 2974 534 3049 terati.
569 2976 614 3047 ln
637 2972 762 3047 fronte
783 2971 930 3047 Codicis
952 2969 1266 3049 Bibliothecarius
1289 2972 1455 3061 notarit,
1474 2998 1564 3046 eum
1582 2999 1611 3045 a
1633 2975 1817 3050 comarco

415 3096 647 3186 Framundo,
667 3096 883 3197 presbytero
897 3110 934 3167 et
946 3096 1136 3171 monacho
1148 3093 1422 3197 Tegernseensi‚
1442 3093 1542 3169 circa
1563 3094 1722 3172 initium
1736 3124 1827 3186 saec,

414 3224 478 3297 XL
494 3222 679 3325 scriptum
701 3218 821 3295 fuisse.
858 3218 930 3327 Setl
947 3217 1099 3293 Salustii
1117 3215 1284 3291 historia·
1308 3214 1415 3292 haud
1432 3216 1565 3293 eadem
1582 3246 1712 3310 manu,
1737 3250 1815 3325 qua

416 3345 607 3425 Ciceronis
619 3344 823 3432 orationes,
835 3342 986 3446 scriptae
1004 3365 1078 3415 esse
1091 3339 1276 3415 videntur.
1295 3340 1385 3415 Cori
1401 3342 1638 3442 Erlarrgetuis
1659 3345 1739 3440 (Ac.
1751 3350 1815 3422 VI.

418 3470 581 3565 5‚241.)
608 3468 709 3541 circa
728 3466 873 3540 exitmn
898 3463 1027 3540 secuti
1047 3464 1129 3537 XII.
1151 3462 1341 3566 eleganter
1363 3463 1542 3566 scriptus,
1568 3462 1690 3542 forma
1719 3497 1815 3572 qua-

416 3593 542 3680 drata,
569 3590 715 3667 bellum
735 3588 1004 3690 Catilinarium
1015 3604 1055 3661 et
1065 3583 1340 3691 lugtutbinum
1361 3587 1552 3676 continet,
1570 3604 1609 3663 et
1623 3590 1818 3695 antiquio-

407 3738 498 3793 rem
522 3716 666 3793 librum
685 3716 796 3791 bonas
812 3730 912 3790 notre
939 3712 1148 3815 exprimere
1163 3710 1321 3786 videtur.
1358 3709 1474 3785 Plura
1491 3708 1608 3786 babet
1619 3715 1812 3792 scribendi
1909 3769 1910 3842 t

418 3841 663 3944 compendia,
694 3841 732 3915 et
758 3864 847 3913 cum
869 3837 910 3910 iu
929 3834 1098 3913 versibus
1118 3832 1446 3921 interlinearibus,
1475 3849 1559 3908 tum
1578 3835 1620 3909 in
1634 3840 1816 3943 *margine

304 4060 308 4069 ‚
417 3964 559 4049 scholia
584 3962 804 4067 permulta,
829 3960 970 4061 quibus
999 3956 1058 4033 vel
1077 3982 1136 4033 res
1151 3956 1210 4032 vel
1237 3956 1351 4031 verba
1377 3981 1482 4031 more
1502 3972 1672 4035 veterum
1690 3989 1816 4064 gram-

418 4090 645 4165 maticorum
669 4102 708 4163 et
730 4083 978 4189 glossatorum
998 4078 1248 4183 explicantur.
1283 4078 1433 4173 Litterae
1457 4078 1621 4155 initiales
1650 4084 1811 4187 picturis

383 4220 390 4233 '
416 4230 508 4291 suut
531 4226 681 4287 ornatae.
730 4208 808 4284 Sub
831 4205 947 4283 finem
969 4201 1164 4308 lugurtboe
1184 4200 1258 4279 boc
1275 4200 1466 4279 distichon
1484 4202 1638 4308 legitur:
