3850 4867
1545 346 1584 397 11

174 497 321 586 notavi,
345 496 376 571 si
397 494 512 573 modo
534 497 715 573 memoria
737 496 861 603 ‹liguae
876 522 950 575 esse
968 497 1456 606 videbantur;.(scripturoe
1476 500 1583 581 enim

173 620 312 696 menda
334 621 491 696 laudare
508 618 690 724 putidum
710 624 797 721 est)
836 623 1016 719 Quarum
1031 624 1181 714 multas,
1204 624 1335 717 credo,
1350 626 1504 704 seriores
1519 627 1581 707 in·
1699 653 1701 656 ·

173 758 353 847 terpretes
372 744 566 834 omittant,
591 771 701 835 cum,
738 772 855 849 quam
883 746 1043 850 plurimi
1071 747 1119 823 de
1146 748 1371 825 Salustianae
1397 750 1581 831 orationis

171 868 403 971 proprietate
416 868 662 971 conceperint
675 869 916 971 opinionem,
929 870 1134 974 exstirpata
1152 870 1277 946 fuerit
1302 872 1581 952 Sedcumacu·

172 990 303 1067 tissimi
328 992 476 1082 Critici,
502 991 645 1089 (Cortii
665 992 776 1092 dico)
797 992 1002 1069 auctoritas
1025 995 1160 1098 saepius
1184 995 1281 1070 mihi
1315 1014 1407 1073 esset
1430 998 1581 1107 impug-

173 1116 312 1207 nanda,
333 1117 375 1192 in
393 1117 626 1221 argumentis
644 1117 888 1193 cumulandis
904 1118 1050 1194 multus
1066 1120 1301 1212 esse-‚malui
1326 1149 1445 1225 quam
1464 1140 1581 1203 teme·

170 1240 292 1315 sitatis
314 1242 566 1345 suspicionem
590 1243 794 1319 incurrere.
832 1244 963 1346 Neque
985 1260 1138 1321 tantum
1156 1244 1260 1322 hanc
1282 1247 1332 1323 ob
1350 1275 1503 1326 causam
1515 1278 1579 1331 ra·

171 1364 311 1440 riantes
332 1366 510 1441 lectiones
531 1393 636 1441 eram
656 1365 903 1457 laudaturus,
927 1368 987 1443 uti
1007 1368 1196 1444 librorum
1212 1370 1297 1445 Mas
1309 1373 1577 1451 auctoritatem

170 1516 193 1562 a
210 1489 328 1564 Cortii
345 1490 572 1565 coniecturis
594 1468 859 1581 defenderem,
878 1491 943 1567 sed
969 1492 1092 1567 multa
1111 1493 1229 1569 etiam
1256 1494 1389 1585 attuli,
1410 1498 1577 1602 utquid

171 1610 219 1687 de
239 1613 397 1717 singulis
430 1614 538 1689 libris
570 1614 817 1691 statuendum
850 1614 916 1705 sit,
942 1615 1181 1721 intelligant,
1200 1616 1279 1721 qui
1305 1618 1396 1693 talia
1430 1637 1576 1697 curent

170 1736 301 1833 Quare
316 1738 451 1840 saepius
475 1738 651 1841 pessimas
669 1739 874 1815 verborum
892 1754 1101 1815 structtuas
1128 1739 1304 1833 laudavi,
1329 1742 1498 1819 simodo
1521 1770 1576 1821 es·

167 1878 253 1937 sent
270 1862 458 1937 breviores
477 1863 660 1967 vulgatis,
687 1877 732 1937 ut
754 1861 963 1938 Aristarchi
989 1864 1066 1955 isti,
1092 1864 1160 1967 qui
1186 1863 1289 1940 nihil
1310 1893 1391 1942 non
1410 1870 1577 1974 amplec-

169 2000 326 2073 tuntur,
363 1986 412 2061 ad
435 1986 492 2077 id,
525 1987 630 2089 quod
651 1986 912 2062 Salustianum
937 2004 1095 2091 putant,
1129 1988 1284 2065 dicendi
1319 2018 1437 2093 genus
1461 1994 1575 2070 effici·

168 2108 333 2200 endum,
356 2108 562 2201 haberent,
586 2110 725 2213 quibus
746 2111 905 2187 meliora
937 2111 1175 2187 docerentur.
1212 2115 1295 2189 Hoc
1324 2132 1362 2191 et
1381 2116 1474 2192 alias
1497 2118 1575 2195 iac·

169 2251 254 2319 tum
273 2250 312 2309 et
336 2233 522 2337 imprimis
548 2234 590 2309 in
613 2234 871 2325 orationibus,
895 2235 965 2309 ubi
987 2236 1280 2313 emendatissimi
1307 2237 1414 2329 libri,
1439 2242 1576 2320 Basile-

168 2360 266 2435 ensis
291 2357 455 2463 primus,
495 2356 809 2434 Guelferbitanus
838 2358 1016 2461 quintus,
1052 2359 1334 2435 Commelianus
1365 2378 1404 2436 et
1423 2363 1576 2441 Nazari-

169 2508 266 2559 anus
280 2481 416 2557 multa
444 2481 671 2571 omiserunt,
697 2481 837 2583 quibus
870 2481 1003 2557 deletis
1025 2483 1149 2557 omnis
1178 2483 1360 2563 orationis
1385 2479 1572 2593 elegantia

167 2608 277 2713 perit.
316 2606 388 2683 Sed
414 2605 460 2681 de
490 2604 564 2680 fide
581 2604 800 2695 Codicum,
832 2631 927 2709 quos
946 2606 1161 2683 accuratius
1189 2609 1421 2701 examinavi,
1455 2615 1573 2719 paulo

114 2790 117 2793 -
167 2730 270 2807 infra
292 2728 411 2807 fusius
428 2729 615 2804 disseram.
869 2756 873 2763 ·

291 2852 483 2958 Imprimis
510 2850 607 2927 mihi
641 2876 742 2953 curae
772 2850 865 2941 luit,
899 2868 944 2927 ut
984 2840 1194 2957 fragmenta
1221 2856 1458 2936 emendatius
1489 2861 1575 2939 ede-

171 2994 325 3068 rentur,
350 3003 469 3079 quam
493 2974 622 3050 adhuc
649 2973 794 3053 iactum
817 2992 880 3053 est.
928 2977 1027 3052 Nam
1050 2978 1233 3054 Carrione
1256 2997 1429 3085 excepto,
1464 2987 1574 3062 cuius

171 3098 246 3185 hac
270 3100 312 3175 in
331 3126 371 3175 re
387 3121 535 3173 summa
564 3097 646 3173 laus
676 3114 753 3188 est,
786 3099 900 3174 ceteri
925 3100 1085 3177 editores
1109 3099 1189 3176 haec
1214 3102 1293 3178 fero
1317 3105 1461 3181 intacta
1486 3110 1574 3185 reli·

171 3250 297 3326 quere.
334 3226 417 3326 Ipse
438 3220 587 3296 Cortius
603 3246 682 3294 rem
698 3220 949 3325 negligentius
973 3225 1166 3314 tractavit,
1192 3225 1374 3319 lauream,
1398 3232 1572 3322 cmdo,a
1651 3208 1655 3213 ⁴

152 3347 355 3422 'Carrione
370 3345 443 3421 sihi
462 3360 690 3447 praereptam
708 3360 831 3439 ratus,
855 3346 999 3421 nedum
1014 3348 1203 3451 sequiores
1215 3348 1392 3442 editores,
1413 3358 1483 3461 qui
1495 3356 1574 3433 lere

172 3470 301 3573 pueris
322 3495 477 3572 operam
508 3492 616 3545 suam
637 3468 793 3571 probari
821 3468 1018 3561 volebant,
1044 3470 1125 3546 haec
1148 3473 1302 3548 dumeta
1334 3476 1572 3579 attingerent.

170 3593 309 3669 Nullus
340 3592 443 3667 enim
477 3592 546 3680 iis,
579 3616 665 3693 quae
691 3591 821 3668 Carrio
857 3591 899 3668 in
929 3593 1198 3671 additamentis
1230 3596 1280 3672 ad
1305 3598 1505 3680 Orationes
1535 3613 1574 3671 et

173 3714 359 3820 Epistolas
378 3742 424 3790 ex
444 3713 596 3817 optimis
619 3714 724 3787 libris
748 3712 1010 3808 adnotaverat,
1045 3745 1134 3794 risus
1150 3737 1223 3811 est3
1246 3741 1426 3825 praeterea
1450 3723 1572 3800 multa

174 3839 390 3917 adulterina
416 3864 488 3941 pro
513 3836 687 3941 genuinis
709 3836 861 3912 Salustii
883 3840 1007 3915 verbis
1029 3839 1266 3934 habuerunt,
1294 3846 1417 3925 multa
1443 3847 1576 3922 omise-

176 3978 279 4049 runt.
321 3962 451 4061 Quare
463 3960 591 4040 omnia
603 3976 775 4035 veterum
788 3961 1155 4057 Grammaticorum,
1171 3968 1424 4079 interpretum
1440 3988 1478 4052 et
1488 3968 1577 4053 rho.-

167 4100 306 4163 torum
325 4086 441 4173 loca,¹
454 4084 521 4167 uhi
539 4083 723 4161 Salustius
747 4084 939 4177 laudatur,
958 4090 1189 4181 examinavi,
1214 4118 1304 4171 cum
1321 4094 1578 4181 emendatissi-

176 4210 247 4295 mis
267 4208 518 4299 editionibus,
543 4234 630 4317 quae
651 4208 697 4287 in
708 4227 1038 4316 promptu'erant,
1064 4216 1228 4308 contuli,
1248 4219 1382 4323 quoin
1403 4220 1578 4299 locosim

1128 4354 1162 4455 l(
