3850 4867
397 298 469 391 ¹96

394 473 510 535 lrerbale
532 523 546 537 .
566 474 655 539 ambo
676 497 735 559 reg.
757 524 771 543 .
791 478 914 559 dignum
937 480 1009 539 iore.
1052 500 1080 541 c·
1099 499 1148 541 aa.
1175 480 1215 541 ita
1235 480 1348 541 enisum
1370 526 1384 543 .
1404 478 1600 561 adoptatum
1621 472 1745 539 Ceteram
1765 516 1777 533 ·

393 582 491 639 seeteri
512 580 628 641 obviam
651 626 665 643 .
685 568 902 663 prohibuerint.
942 606 969 645 c.
984 584 1033 645 23.
1055 593 1171 657 noctes,
1191 594 1242 643 aut
1262 632 1277 647 .
1297 586 1433 647 virtutem
1454 584 1562 665 erigere
1581 630 1596 645 .
1616 580 1779 641 duonuu·

396 705 451 744 me.
473 706 498 745 e.
515 700 561 759 24.
574 688 662 766 patris
675 734 689 748 .
700 686 841 747 beneficia
862 736 877 751 .
897 688 966 749 dein
981 690 1076 769 patrio
1099 736 1114 750 .
1134 709 1221 768 quem
1232 689 1437 768 imperatorem
1458 736 1473 751 .
1491 698 1522 751 et
1536 707 1600 769 quae
1615 687 1646 745 in
1657 691 1748 743 senatu
1767 726 1779 741 .

396 811 443 849 me
464 810 497 849 ex
519 790 653 851 manibus
673 834 688 853 .
708 792 847 851 memoria
868 794 924 853 avi.
966 793 1055 857 e.n5.
1085 813 1146 851 uon
1168 794 1307 871 paruisset
1331 795 1431 875 legatis
1458 840 1473 855 .
1501 790 1593 853 isdem
1614 793 1683 870 regis
1707 833 1722 847 .
1746 804 1779 841 ns

393 894 540 955 decretum
561 896 642 955 fieret
662 943 676 956 .
697 896 727 955 in
749 896 813 975 quis
833 896 873 961 Μ.
893 898 1017 956 &surus
1036 946 1051 959 .
1070 898 1166 959 Seusti
1181 898 1317 979 princeps
1338 942 1354 957 .
1374 897 1405 956 in
1425 894 1537 957 invidia
1555 914 1600 956 res
1620 940 1635 955 .
1656 888 1781 953 escende-

394 1020 423 1057 re
445 1048 458 1061 .
479 1001 550 1058 irum
571 1000 661 1059 senati
682 1047 696 1060 .
718 1002 760 1059 rrti
782 1002 861 1079 prius
883 1050 895 1061 .
919 998 1006 1059 mina
1025 1022 1133 1083 graves.
1174 1025 1201 1063 c.
1217 1000 1265 1062 26.
1288 1000 1421 1075 rebnturs
1448 1002 1516 1081 quia
1536 1045 1553 1063 .
1573 998 1642 1059 dein
1661 995 1750 1057 omnis
1768 1038 1780 1053 .

392 1106 494 1165 obrius
514 1106 665 1165 interfecit.
706 1126 732 1169 c.
751 1127 797 1186 27.
819 1108 970 1189 cognitum
991 1116 1055 1169 et.
1076 1107 1187 1190 dilapsa
1207 1116 1268 1167 erat
1288 1155 1302 1168 .
1323 1106 1405 1189 regis.
1444 1106 1501 1165 Sed
1522 1152 1536 1167 .
1557 1104 1735 1164 declarantur
1753 1097 1780 1157 Ρ.

391 1208 489 1289 Scipio
510 1258 524 1268 .
544 1210 620 1283 elia,
642 1228 714 1289 qna.
756 1232 781 1273 c.
795 1212 843 1270 28.
865 1210 927 1271 dno
946 1212 1095 1273 familiaria
1115 1260 1129 1275 .
1149 1216 1316 1273 consultus.-
1336 1214 1499 1295 placeretne
1522 1256 1536 1271 .
1556 1209 1636 1289 iique
1656 1206 1781 1266 decrera-

391 1334 421 1373 re
442 1360 456 1374 .
478 1316 586 1373 multos
607 1314 737 1373 mortalis
757 1324 785 1373 et
804 1312 884 1374 urbis
905 1358 920 1377 .
940 1317 1028 1397 capit.
1070 1338 1097 1379 e.
1112 1338 1159 1399 ²9·
1176 1319 1317 1379 Scaurum
1346 1324 1495 1397 receperat
1521 1361 1536 1375 .
1564 1312 1676 1395 Vagam
1694 1342 1709 1357 ·
1728 1310 1783 1369 im·

390 1429 542 1500 peratum,
570 1416 719 1499 elephanti
737 1449 758 1465 -
780 1417 889 1494 Patres,
919 1418 1127 1499 probarentne.
1168 1445 1195 1484 c.
1210 1422 1259 1484 30.
1285 1418 1409 1503 superba
1435 1418 1565 1480 crudelia
1586 1465 1600 1479 .
1625 1422 1784 1498 tempestate

390 1516 522 1585 Memmii
542 1558 558 1571 -
578 1523 740 1583 orationem
752 1522 926 1605 perscribere
946 1556 966 1573 ·
984 1527 1194 1606 potissumum,
1215 1548 1288 1609 quse.
1320 1548 1346 1589 c.
1360 1525 1410 1586 dr.
1431 1527 1524 1584 multa
1544 1515 1613 1583 deb·
1636 1565 1652 1585 .
1671 1521 1783 1591 timetis,

390 1630 496 1711 quibus
516 1678 530 1691 .
550 1640 669 1711 parente
677 1628 782 1689 tradita
802 1676 818 1691 .
836 1630 924 1689 situm
934 1668 945 1701 ,
965 1627 1094 1703 Quirites
1114 1678 1128 1692 .
1149 1650 1203 1713 ego
1216 1629 1319 1691 hortor
1340 1673 1355 1692 .
1375 1630 1419 1691 uti
1430 1638 1531 1689 contra
1543 1647 1662 1709 ,opust
1680 1644 1784 1687 nemas

390 1745 432 1793 est
452 1782 465 1795 .
484 1736 571 1793 multi
592 1736 676 1795 vestri
696 1733 807 1793 ordinis
827 1735 859 1793 in
879 1778 895 1795 .
916 1736 967 1814 qui
990 1734 1082 1795 secere
1103 1780 1117 1795 .
1138 1734 1288 1817 magnifici
1309 1781 1323 1795 .
1345 1734 1425 1814 qnasi
1445 1730 1554 1793 honori
1573 1778 1590 1794 .
1610 1732 1675 1813 quis
1688 1730 1782 1789 fides.

390 1840 516 1899 amicitia
527 1845 567 1898 est
588 1884 602 1900 .
622 1838 721 1899 lectio.
741 1835 832 1910 Quod
854 1884 868 1899 .
889 1858 1078 1897 nonsumma
1096 1886 1110 1899 .
1130 1839 1211 1919 quod
1224 1840 1316 1898 nasius
1337 1884 1351 1899 .
1372 1839 1463 1921 magis
1476 1838 1572 1897 iecisse
1586 1884 1600 1899 ..
1614 1834 1781 1919 indignum:

389 1963 489 2005 rerum
512 1992 526 2005 .
547 1942 677 2013 deditio,
698 1960 733 2001 er
752 1962 809 2021 qua
831 1987 845 2001 .
866 1942 991 2013 damna,
1013 1940 1155 2001 dedecora
1174 1974 1189 1988 ·
1210 1940 1305 2016 bella,
1325 1962 1409 2022 paces
1429 1988 1444 2005 .
1463 1941 1558 2023 Atque
1571 1962 1626 2023 ego
1647 1989 1661 2002 .
1680 1944 1712 2000 ni
1727 1942 1782 1999 mi·

387 2048 540 2108 sericordia
562 2096 576 2108 .
595 2046 681 2127 spes?
720 2044 874 2105 Dominari
895 2090 910 2108 .
929 2042 1090 2125 hortorque
1114 2064 1153 2106 ne
1173 2094 1188 2107 .
1207 2047 1325 2127 μανίας
1359 2056 1457 2107 tumen
1477 2093 1492 2109 .
1513 2048 1545 2105 ni
1572 2047 1749 2106 vindicatum
1769 2089 1783 2106 .

387 2174 462 2236 ego,
483 2152 620 2225 Quirites.
661 2172 687 2214 c.
699 2150 748 2211 ὄπ.
764 2150 944 2222 mitteretur,
964 2147 1133 2229 interposite
1154 2198 1168 2211 .
1188 2152 1370 2230 imperatoris
1382 2152 1511 2231 plurima
1530 2144 1547 2213 .’
1568 2150 1698 2221 Cassius,
1717 2170 1781 2230 per·
1867 2201 1868 2226 ¹

387 2262 445 2319 lats
466 2308 478 2319 .
500 2258 525 2316 ei
548 2257 653 2315 timido
674 2301 687 2317 .
709 2255 865 2315 dedidisset
884 2300 898 2315 .
919 2253 1147 2331 misericordiam
1168 2302 1182 2315 .
1204 2253 1312 2319 Cassio.
1330 2254 1433 2336 Igitur.
1473 2275 1500 2314 c.
1519 2254 1569 2315 33.
1598 2266 1704 2316 ennete
1723 2273 1781 2335 ges·
1867 2311 1868 2316 ,

386 2374 476 2433 sessu
498 2360 670 2421 CsBaebium
693 2408 707 2421 .
727 2361 839 2419 sceleris
849 2361 974 2439 aperiret
995 2406 1009 2417 .
1024 2358 1140 2419 animos
1153 2360 1267 2419 mollire
1288 2406 1303 2423 .
1324 2361 1466 2441 ministris⁴
1481 2362 1571 2443 egerit
1591 2408 1605 2423 .
1626 2362 1779 2440 aperiret.

387 2470 470 2537 furer
490 2488 557 2534 sese.
598 2487 624 2525 c.
641 2464 689 2536 34.
711 2466 853 2525 concione
874 2466 1008 2527 discessit.
1049 2486 1076 2530 c.
1090 2464 1140 2529 35.
1161 2464 1202 2524 Ea
1221 2474 1281 2525 erat
1298 2474 1464 2546 tempestato
1483 2513 1500 2533 .
1519 2467 1629 2546 parati,
1648 2468 1749 2546 paullo
1766 2510 1778 2523 .

391 2572 493 2633 diebus
513 2569 670 2651 proiectus.
712 2590 737 2628 c.
758 2568 806 2628 56.
834 2570 909 2640 alis,
930 2590 994 2651 quae
1014 2616 1029 2631 .
1049 2570 1167 2630 instanti
1188 2568 1301 2630 cedere.
1340 2590 1368 2631 o.
1387 2570 1437 2652 37.
1468 2572 1581 2653 magnis
1599 2567 1748 2631 itineribus
1764 2616 1777 2631 .

389 2696 495 2748 eacus,
516 2676 613 2737 vineas
634 2722 647 2735 .
668 2675 742 2746 aliu,
763 2692 835 2754 quse.
877 2694 903 2733 o.
917 2675 966 2736 38.
986 2672 1125 2735 subdolus
1143 2694 1248 2756 augere
1268 2721 1282 2737 .
1302 2675 1508 2756 insequeretur.
1533 2676 1646 2739 Interea
1668 2723 1684 2737 .
1706 2677 1777 2757 [cor-

387 2780 533 2858 rumpere]
557 2828 571 2843 .
592 2779 761 2839 desererent.
782 2779 821 2838 ita
833 2776 938 2837 delicta
957 2780 1117 2839 occultiora
1130 2779 1191 2838 lore
1212 2825 1226 2840 .
1245 2780 1375 2839 tumultu
1394 2782 1519 2860 perculsi
1539 2828 1554 2843 .
1567 2778 1661 2843 bostes
1681 2830 1697 2844 .
1710 2782 1776 2841 'delrr

385 2884 526 2967 iugurtha
548 2932 562 2945 .
584 2886 658 2943 ferro
678 2886 808 2943 clausum
829 2926 844 2942 .
864 2882 1022 2941 incolumis
1036 2930 1049 2943 .
1063 2881 1231 2957 mutabant,
1251 2884 1346 2945 sicuti.
1386 2902 1413 2943 c.
1426 2884 1476 2963 39.
1497 2885 1593 2945 modis
1611 2887 1746 2949 omnibus
1763 2930 1775 2946 .

385 2994 501 3055 'animus
521 2990 639 3051 ardebat
660 3038 673 3049 .
695 2986 769 3047 nihil
789 2985 855 3047 sibi.
896 3008 922 3047 e.
943 3000 991 3058 4ο.
1012 2988 1125 3047 Interea
1143 3035 1159 3049 .
1178 2986 1317 3066 partibus.
1355 2987 1448 3069 Igitur
1468 3034 1483 3051 .
1503 2990 1650 3053 Mamili.
1671 2992 1773 3052 eresci-

386 3110 413 3157 ta
434 3144 449 3159 .
470 3107 567 3161 ortus.
590 3096 650 3153 otio
670 3103 701 3151 et
722 3142 735 3152 .
755 3091 886 3151 secundae
906 3110 949 3149 res
969 3138 984 3153 .
1004 3090 1076 3151 duas
1094 3094 1184 3171 partis
1202 3138 1219 3155 .
1238 3102 1272 3151 ut
1291 3093 1421 3173 quisque.
1461 3094 1549 3165 ο.4ι.
1571 3094 1623 3174 [ex
1641 3094 1774 3157 nobilita·

387 3202 432 3281 te]
457 3252 469 3263 .
491 3200 644 3281 permixtio
664 3198 776 3269 civilis,
803 3197 882 3275 quasi
902 3195 1035 3255 discessio
1056 3204 1144 3254 tertre.
1184 3216 1211 3255 e.
1226 3207 1276 3266 4²·
1298 3208 1483 3259 necaverat.
1503 3201 1625 3260 civitatis
1646 3248 1661 3263 .
1682 3211 1771 3263 matu·

385 3310 443 3367 rius
463 3306 581 3365 deserat.
623 3324 649 3363 c.
665 3302 714 3372 43.
737 3298 777 3373 Q.
798 3298 930 3359 Metellus
949 3308 979 3357 et
991 3299 1031 3356 M.
1045 3299 1159 3358 Silanus
1178 3344 1193 3361 .
1214 3296 1412 3381 [ρωνίιιοίω]
1434 3350 1448 3363 .
1469 3317 1643 3384 putaverunt
1661 3338 1681 3355 ·
1701 3307 1771 3365 miti-

384 3424 425 3470 tes
444 3410 566 3469 seribere
587 3456 600 3469 .
620 3425 710 3487 equos
720 3415 813 3465 cetera
834 3450 848 3465 .
869 3424 932 3483 quar
947 3403 1027 3463 bello
1048 3448 1062 3465 .
1082 3404 1173 3463 senati
1186 3407 1355 3466 auctoritate
1375 3455 1390 3469 .
1409 3408 1564 3483 latinum,
1579 3432 1657 3495 reges
1670 3416 1770 3477 ,auri-

384 3516 423 3573 lia
446 3516 558 3573 mittere
579 3560 593 3573 .
612 3510 706 3572 bonas
724 3510 793 3569 artis
812 3510 980 3571 ,animum
1000 3509 1154 3569 invictum.
1194 3530 1221 3569 c.
1242 3509 1291 3580 44.
1321 3531 1377 3591 pro
1397 3509 1526 3573 Consule
1546 3562 1559 3577 .
1578 3518 1640 3597 spei
1658 3516 1767 3577 bone.

385 3622 480 3680 eventi
500 3605 608 3680 civium
631 3663 645 3677 .
663 3612 720 3675 Sed
740 3634 844 3693 nque.
885 3634 912 3673 e.
928 3612 977 3682 45.
998 3623 1027 3672 et
1046 3614 1107 3695 ipse
1126 3633 1206 3673 eum.
1245 3632 1272 3678 c.
1287 3613 1336 3684 46.
1357 3615 1487 3677 aridum.
1508 3617 1608 3698 ltaque
1628 3668 1644 3683 .
1663 3640 1767 3705 oppor-

382 3734 471 3783 tunos
491 3723 629 3803 cognorit
650 3766 663 3781 .
684 3721 715 3777 in
736 3720 810 3799 agris
822 3756 832 3791 ,
862 3736 987 3796 ex-opp
1009 3762 1024 3777 .
1044 3718 1088 3775 uti
1108 3738 1176 3777 cum
1197 3716 1244 3777 bis
1263 3766 1277 3780 .
1298 3739 1518 3801 quacumque.
1537 3726 1581 3783 uti
1599 3724 1708 3787 absens.
1743 3746 1765 3783 e.

385 3830 434 3907 47.
463 3828 571 3909 gratia,
599 3828 623 3883 si
643 3831 775 3904 paterent
794 3823 1027 3902 opportunitates
1047 3868 1062 3882 .
1082 3822 1179 3882 forent
1201 3846 1209 3879 e
1240 3833 1318 3883 ratus
1338 3870 1352 3883 .
1372 3837 1569 3887 commeatum
1591 3828 1763 3911 [iuraturum

384 3931 558 4009 exercitum]
584 3930 715 3990 ,etiam
754 3948 782 3987 c.
799 3926 847 3996 48.
875 3946 945 4007 quas
974 3946 1121 3985 maxumas
1141 3974 1156 3988 .
1183 3929 1216 3986 in
1241 3928 1419 3996 immensum
1445 3933 1591 4010 pertinens
1610 3982 1625 3996 .
1643 3935 1762 4003 duem,

384 4046 495 4118 preter.
535 4056 600 4115 cup.
614 4030 662 4114 49.
682 4034 811 4112 equitatu
831 4031 940 4111 pedites
958 4030 1081 4089 dilectos
1099 4033 1224 4092 collocat
1243 4080 1257 4093 .
1277 4041 1388 4093 oarmas
1404 4043 1491 4115 atque
1511 4040 1678 4117 manipulos
1696 4088 1709 4101 .
1725 4039 1761 4099 uti

379 4142 542 4225 prudentes
563 4188 575 4200 .
598 4138 736 4201 occultari
758 4184 771 4197 .
791 4137 961 4217 equitatum
973 4136 1007 4193 in
1027 4134 1172 4195 cornibus
1212 4139 1302 4197 ello.
1321 4134 1397 4198 Dein
1415 4140 1477 4222 ipse
1497 4188 1511 4203 .
1530 4162 1651 4206 uranum
1671 4164 1760 4207 seme.
