3850 4867
1498 307 1542 400 41

139 497 184 557 cis
203 528 219 543 -
238 492 347 580 delegit
362 498 493 579 quinque
510 499 620 581 legatos
639 528 655 545 ·
674 489 783 559 dcin'de
799 497 893 581 getuli
912 530 929 545 ·
948 496 1106 579 paridique
1125 496 1189 556 sine
1201 491 1345 556 dedecore
1362 525 1380 541 -
1397 503 1450 553 ant
1465 492 1552 554 beni-

139 595 273 657 volentia
293 629 309 641 -
328 594 430 653 omnia
443 596 592 681 pollicitus
612 628 632 645 ·
655 594 723 667 rol.
743 597 835 667 lectus
854 606 897 655 est
914 629 931 643 -
950 598 1030 655 utico
1041 596 1140 655 venire
1159 628 1175 639 -
1196 594 1228 651 in
1249 591 1356 671 quibus
1372 592 1473 673 legatis
1493 603 1553 653 -et

138 707 160 747 a
171 694 292 750 consule
307 691 418 749 interca
433 724 449 735 -
469 691 501 749 in
520 690 617 751 Africa
628 695 802 771 'portaverat
821 724 841 739 -
860 691 966 751 lubens
983 694 1097 771 accepit
1114 724 1131 736 -
1150 691 1276 773 poenitct
1305 688 1430 763 delicti,
1456 686 1552 748 loedus

138 794 170 845 et
190 786 321 847 amicitia
341 818 357 831 -
381 788 446 847 105.
468 798 574 867 quarto
592 786 721 868 denique
736 787 785 847 dic
805 820 821 833 -
848 788 915 859 106,
937 789 1066 847 occurrit
1082 808 1124 845 m.
1145 806 1191 865 pr.
1213 786 1292 863 (noc.
1311 806 1352 843 m.
1375 785 1452 862 sec.)
1471 816 1490 831 ·
1503 795 1553 843 to-

138 881 217 943 tiens
228 915 244 928 ·
256 883 321 943 ritae
334 902 393 941 suae
404 886 529 963 parcent
547 918 564 931 -
588 904 654 966 ¹07·
670 896 755 945 antea
774 886 906 965 apannis
927 919 943 930 -
964 884 1094 943 crederet
1109 885 1196 941 illum
1212 902 1298 962 posse
1315 884 1361 941 nil
1384 902 1524 941 ausurum
1537 916 1554 929 -

138 998 236 1057 quum
252 980 343 1057 ipsius
362 982 443 1037 filius
460 1014 477 1025 -
497 982 644 1060 optimum
662 983 741 1041 factu
764 1016 780 1027 -
802 980 963 1061 approbata
980 992 1024 1039 est
1043 1013 1059 1025 -
1078 978 1224 1039 acciderat
1248 1012 1265 1023 -
1297 980 1362 1039 108.
1383 980 1485 1038 omnia
1506 980 1554 1039 in·

136 1082 221 1155 tegra
238 1072 346 1133 habere
376 1076 443 1152 (scd
468 1074 529 1135 haec
557 1076 721 1152 sufficiunt5
742 1079 828 1138 facilc
846 1072 925 1137 enim
948 1077 1109 1157 intelligas,
1129 1084 1302 1155 corruptum
1324 1078 1492 1155 exemplum
1514 1079 1555 1136 li·

138 1166 275 1229 brarium
300 1192 359 1230 csse
377 1172 538 1248 secutum).

241 1292 331 1365 Cod.
349 1292 441 1365 XII.
467 1295 600 1384 (Pant.
624 1292 788 1397 Cetalog.
809 1296 858 1372 ΙΙ.
885 1298 970 1393 716.
1001 1297 1089 1379 nn.)
1127 1288 1341 1367 Membran.
1380 1289 1468 1365 Soec.
1485 1317 1555 1367 rw·

138 1404 309 1478 Catilina
331 1404 443 1479 initio
468 1406 643 1498 mutilus,
669 1408 807 1482 desunt
835 1410 1010 1511 quinque
1040 1408 1184 1510 capita;
1221 1404 1412 1511 iugurtha
1436 1409 1556 1485 maxi·

137 1546 245 1593 mam
263 1536 412 1623 partem
436 1524 522 1597 Saec.
543 1552 599 1597 xv.
621 1523 783 1627 scriptus
800 1540 862 1597 est
897 1524 1067 1599 Pessimae
1087 1540 1188 1597 notae
1211 1522 1335 1610 liber,
1357 1522 1423 1597 sed
1450 1524 1556 1626 quod

137 1634 387 1725 notandum,
422 1636 622 1740 aliquoties
655 1645 756 1744 queis
781 1666 853 1742 pro
881 1640 966 1742 quis
986 1639 1173 1741 scripturn
1192 1652 1255 1713 est.
1281 1638 1558 1716 Paucae'lectio·

137 1775 223 1831 nes.
245 1750 455 1854 quashaud
476 1754 774 1831 contemnendas
795 1755 957 1846 duxeris,
979 1755 1023 1831 in
1047 1755 1321 1830 commentario
1331 1754 1551 1859 laudabun-

140 1880 217 1940 tur.
234 1866 275 1952 *l

236 1988 325 2083 Co'cl.
347 2010 462 2085 XIII.
496 2012 565 2103 (H.
590 2036 671 2110 717.ι
697 2017 798 2099 xm.)
840 2011 1051 2087 Membran.
1085 2013 1175 2091 Saec.
1193 2038 1249 2085 xv.
1284 2010 1556 2116 elegantissime
1581 1960 1584 1965 Ι

138 2138 322 2198 exaratus.
363 2127 409 2199 ln
442 2124 518 2201 line
542 2126 636 2200 belli
664 2126 889 2231 Iugurthini
920 2126 1128 2230 majoribus
1154 2127 1270 2201 literis
1293 2127 1419 2201 rubris
1440 2129 1558 2233 scrip·
1680 2141 1682 2145 ’

139 2251 225 2310 tum
246 2254 326 2313 est:
355 2241 475 2339 Crispi
497 2242 648 2319 Salustii
668 2248 746 2315 viri
765 2245 958 2317 clarissimi
973 2244 1021 2318 cle
1043 2244 1139 2318 bello
1153 2246 1299 2317 Punico
1314 2243 1424 2319 Liber
1439 2248 1557 2345 capli-

138 2357 190 2426 cit
200 2353 425 2453 filicissimo

241 2511 333 2588 cod.
355 2514 466 2587 XIV.
491 2514 554 2601 (P.
573 2515 614 2590 C.
633 2516 682 2591 ΙΙ.
709 2540 792 2612 717.
807 2519 903 2601 xiv.)
929 2514 1158 2591 Chartaceus
1175 2470 1260 2589 Saec.
1280 2542 1338 2589 xv.
1363 2513 1555 2589 aduobus

139 2625 305 2703 librariis
331 2628 431 2704 male
458 2645 653 2721 exaratus,
678 2630 813 2733 glossas
839 2631 881 2704 in
898 2632 1070 2736 margine
1093 2648 1131 2705 et
1151 2631 1387 2705 interlineas
1402 2628 1529 2705 habet.

239 2807 329 2883 Coei
355 2810 442 2883 XV.
481 2811 542 2905 (P.
564 2810 603 2883 C.
623 2812 668 2883 Π.
694 2814 777 2908 817.
799 2837 856 2886 xv.
883 2810 980 2885 Plut
1007 2814 1065 2905 64.
1096 2810 1267 2890 codun.
1289 2812 1351 2911 b.)
1389 2814 1554 2914 Pergam.

114 3013 118 3019 Ι
137 2922 329 3028 eleganter
348 2924 510 3027 scriptus
531 2925 619 2999 Saec.
643 2954 700 3001 xv.
731 2928 869 3001 Insunt
899 2953 1023 3030 pauca
1044 2927 1182 3001 veteris
1198 2924 1480 3030 orthographia
1495 2952 1556 3000 ve·

137 3037 246 3144 stigia
266 3054 304 3115 ct
321 3040 470 3114 bonum
487 3038 633 3115 librum
652 3040 885 3147 negligenter
905 3041 1141 3145 descripsisse
1161 3042 1317 3117 videtur
1341 3040 1528 3115 librarius.
1574 3077 1577 3081 ·

224 3220 313 3295 Cod.
330 3222 440 3295 XVI.
479 3222 543 3309 (P.
570 3223 608 3297 G
636 3224 912 3319 II.7r8xv11.)
949 3223 1163 3298 Membran.
1192 3224 1279 3296 Saec.
1305 3248 1374 3296 x1v.
1412 3219 1554 3324 optimc

136 3352 303 3411 servatus
333 3352 371 3410 et
403 3361 425 3410 a
449 3335 636 3411 Biscionio
666 3336 834 3411 collatus.
879 3341 924 3413 In
954 3339 1125 3441 margine
1144 3337 1349 3412 summaria
1382 3336 1554 3440 capitum

137 3448 338 3555 adscripta.
373 3454 420 3541 In
445 3451 547 3527 calce
577 3450 669 3527 libri
695 3450 885 3527 distichon
909 3453 1165 3542 notissimum,
1201 3460 1236 3528 si
1256 3459 1359 3551 cupis
1386 3469 1454 3527 etc.
1490 3452 1553 3553 cui

137 3566 342 3641 versiculus
362 3565 540 3643 additur:
567 3568 653 3643 licet
678 3586 844 3643 necantm
866 3570 1031 3670 referant
1052 3574 1091 3642 in
1110 3594 1258 3644 carcere
1272 3568 1407 3667 plures.
1447 3566 1552 3643 Ordo

137 3839 164 3916 ⁴)
184 3840 251 3901 Hoc
267 3842 299 3899 iu
316 3845 486 3903 universum
507 3847 697 3917 monuerim,
718 3866 786 3905 cum
811 3848 913 3905 nullus
930 3858 1092 3907 ceterorum
1119 3846 1215 3907 Codd.
1231 3846 1489 3919 Florentinornm‚
1512 3847 1553 3905 ita

217 3939 255 3997 sit
268 3952 467 4018 comparatus,
491 3951 525 3998 ut
542 3940 579 3999 ad
598 3940 816 4001 emendandum
834 3943 994 4004 Salustium
1011 3945 1080 4004 iude
1100 3946 1241 4002 auxilium
1258 3956 1355 4023 pctus,
1374 3945 1443 4001 satis
1456 3941 1552 4002 habco

216 4036 398 4115 reliquorum
418 4037 520 4095 titulos
536 4056 718 4117 proponere,
739 4040 878 4099 lectiones
899 4041 990 4120 ipsas,
1011 4062 1076 4122 que
1097 4038 1211 4099 idoncae
1227 4041 1293 4101 visae
1314 4051 1400 4113 sunt,
1421 4041 1453 4098 in
1468 4058 1553 4098 com-

140 4156 163 4187 .·
218 4132 369 4191 mentariis
385 4130 518 4191 afferam.
565 4120 575 4139 ⁰
1459 4132 1462 4137 ¹
