3850 4867
369 426 428 503 58.

472 628 570 727 Quae
591 632 721 735 paucis
741 632 789 711 de
815 662 976 713 munere
1005 637 1221 743 interpretis
1242 643 1417 746 exposui,
1436 671 1480 719 ea
1509 646 1549 719 in
1575 647 1771 721 Commen-

338 744 472 861 ‘tariis
512 748 739 825 Salustianis
777 769 928 829 secutus
968 780 1063 831 sum.
1096 758 1251 831 -Errant
1293 759 1442 862 igitur,
1488 762 1555 864 qui
1589 760 1665 837 boc
1701 762 1770 835 sibi

366 881 653 963 persuaserunt,
678 866 770 957 fore,
793 886 839 943 ut
859 871 1124 948 commentarii
1145 872 1195 949 ad
1205 873 1378 950 criticam
1398 878 1633 980 potissimum
1660 878 1774 981 perti-

368 994 511 1051 nerent
549 981 656 1057 Licet
676 984 782 1059 enim
804 981 878 1061 bac
907 987 954 1063 de
980 988 1160 1064 refusius
1184 1016 1293 1092 agere
1317 1017 1463 1067 neeesse
1483 1010 1555 1083 est,
1582 1020 1672 1067 cum
1694 1020 1774 1067 ma·

367 1090 468 1168 xime
493 1110 548 1171 tot
568 1096 765 1191 lectiones,
791 1118 902 1177 antea
935 1104 1091 1209 igneam
1130 1104 1172 1180 in
1199 1105 1340 1183 Italicis
1363 1108 1481 1185 Codd.
1503 1110 1668 1185 inventae
1689 1110 1775 1199 sint,

369 1223 496 1287 umen
530 1212 571 1290 iu
606 1236 797 1320 quantum
828 1249 898 1325 per
926 1221 1070 1326 ingenii
1100 1221 1176 1297 mci
1197 1223 1506 1312 mediocritatem,
1523 1224 1604 1301 lieri
1630 1241 1774 1328 potest,

366 1352 497 1402 omnes
526 1329 850 1436 interpretationis
879 1354 1005 1443 partes
1029 1338 1309 1413 commentariis
1334 1341 1572 1442 complectar.
1608 1342 1692 1414 Hoc
1721 1338 1777 1413 fa·

367 1441 479 1518 cilius
506 1445 622 1521 ctiam
653 1449 734 1525 fieri
757 1471 896 1556 potest.
930 1452 1036 1557 quod
1056 1452 1269 1529 multorum
1298 1458 1381 1531 VV.
1406 1458 1492 1531 DI).
1524 1483 1638 1557 opera
1661 1472 1777 1557 atque

367 1559 494 1634 studio
520 1562 672 1639 Salustii
696 1566 786 1644 libri
812 1570 944 1645 multis
965 1570 1006 1645 in
1028 1568 1120 1643 locis
1144 1567 1223 1672 jam
1240 1569 1452 1647 doctissime
1470 1572 1649 1647 illustrati
1674 1587 1776 1645 sunt.

371 1674 522 1772 Quibus
545 1679 750 1787 diligenter
777 1686 945 1765 collectis
976 1711 1084 1774 cum,
1109 1710 1195 1786 quae
1212 1686 1291 1790 ipse
1305 1687 1438 1763 melius
1460 1687 1558 1763 mihi
1574 1687 1779 1761 intellexis-

367 1815 406 1865 se
426 1792 575 1885 videor,
601 1801 842 1893 accesserint,
869 1828 987 1905 ([ιιειιιι
1018 1802 1061 1875 in
1085 1800 1249 1877 Salustio
1271 1803 1511 1879 emendanda
1533 1820 1649 1906 atque
1674 1802 1779 1877 illus-

372 1908 507 1983 trando
528 1938 682 2015 operam
703 1934 819 2020 atque
835 1946 971 1993 curam
989 1916 1197 2021 posuerim,
1223 1920 1341 2022 oequis
1359 1918 1555 2024 judicibus
1577 1946 1657 1995 non
1678 1917 1781 1993 male

370 2024 533 2100 locatam
558 2030 696 2121 videri,
720 2058 830 2136 spero
852 2052 969 2135 atque
990 2030 1152 2107 confido.
1175 2031 1243 2126 *)'

468 2142 606 2247 Scripsi
632 2150 783 2223 ursinae
806 2176 853 2225 rx.
879 2150 959 2224 Kal.
984 2146 1115 2225 Martii
1138 2148 1432 2227 MDCCCXXV.

370 2396 400 2475 *)
422 2400 492 2472 Quo
514 2412 644 2481 tempore
670 2404 732 2465 lucc
749 2404 930 2480 scribebam,
952 2407 1043 2465 literae
1060 2406 1116 2465 riri
1139 2386 1295 2465 clarissimi
1315 2403 1379 2465 Am.
1396 2404 1506 2487 Peyron
1529 2403 1568 2464 ad
1591 2424 1641 2463 me
1660 2406 1783 2485 perlate

450 2509 528 2555 sunt.
566 2499 606 2555 Ex
627 2500 672 2559 lris
695 2506 821 2584 cognovi
849 2502 986 2584 Augustae
1002 2504 1201 2562 Taurinorum
1224 2503 1257 2560 iu
1284 2500 1467 2561 bibliotheca
1495 2506 1573 2585 regia
1597 2515 1654 2563 tres
1681 2500 1779 2561 Codd.

446 2593 628 2655 Salustianos
650 2596 771 2671 haberi,
815 2602 951 2681 quesita
976 2600 1126 2659 describit.
1155 2598 1233 2657 cod.
1251 2598 1371 2657 Tauria.
1394 2604 1419 2663 l.
1438 2600 1498 2679 (in
1525 2600 1668 2683 Catalogo
1690 2598 1779 2673 568.)

452 2688 691 2753 blembranaceus
710 2698 787 2755 loliis
806 2696 969 2775 majoribus
990 2696 1059 2755 sac.
1084 2716 1139 2755 m.
1160 2694 1273 2754 bellurn
1297 2694 1504 2754 Catilinarium
1529 2699 1674 2757 continet.
1702 2696 1778 2755 Cod.

448 2785 533 2847 Taur.
551 2793 589 2849 ll.
612 2790 661 2869 (iu
679 2791 772 2853 Catal.
799 2794 898 2873 1054.)
920 2792 1099 2853 Clrartaceus
1115 2794 1244 2853 Sacas.
1266 2792 1346 2851 idem
1364 2790 1477 2852 bellurn
1500 2796 1645 2853 continet.
1670 2794 1780 2853 Neuter

452 2904 485 2943 ex
499 2887 682 2947 melioribus.
703 2888 951 2951 cod.Taur.111.
976 2893 1087 2968 (1055.
1107 2891 1139 2950 in
1158 2890 1266 2967 Catal.)
1285 2892 1356 2951 Saec.
1370 2912 1414 2950 xv.
1437 2890 1549 2950 bellurn
1568 2890 1776 2950 catilinarium

451 2994 481 3043 et
496 2982 710 3065 Jugurthinum
726 2990 870 3056 continet,
891 2988 979 3047 Liber
991 2987 1073 3046 haud
1088 2988 1341 3062 contemnendus,
1362 2990 1427 3069 qui,
1439 3008 1612 3069 quanquam
1623 2988 1779 3067 saepissime

425 3128 428 3133 .
452 3082 551 3141 alieno
566 3086 633 3143 loco
647 3083 736 3146 verba
755 3096 784 3145 et
802 3088 961 3165 particulas
980 3088 1109 3159 omittit,
1129 3086 1171 3143 ita
1186 3094 1221 3143 at
1233 3084 1347 3143 librarii
1364 3086 1511 3143 incuriam
1525 3085 1611 3143 lacile
1626 3084 1780 3142 intellexe-

422 3230 425 3236 .
452 3181 511 3253 ris,
533 3190 631 3240 tamen
648 3192 677 3241 et
693 3184 827 3262 proprias
851 3182 942 3243 babet
962 3185 1112 3255 lectiones,
1134 3181 1293 3263 exquibus
1314 3183 1476 3239 nonnullas
1497 3179 1713 3240 transcribam:

491 3300 644 3382 Iugurtha
664 3323 689 3361 c.
703 3302 753 3382 96.
774 3304 1042 3382 opportunissimus
1061 3312 1132 3361 esset
1150 3322 1237 3361 -sua
1259 3320 1326 3359 cara
1345 3335 1362 3347 -
1387 3302 1437 3383 87.
1459 3299 1612 3383 Jugurtbre
1631 3300 1745 3381 placuit
1763 3332 1779 3343 ·

372 3399 423 3457 88.
433 3410 589 3479 postquam
604 3400 716 3459 invidia
734 3398 893 3479 dycesserat
911 3434 929 3445 -
948 3402 1063 3481 gravior
1082 3399 1231 3459 accederet
1249 3434 1265 3445 -
1286 3400 1335 3477 89.
1357 3416 1392 3457 ac
1409 3399 1507 3477 primo
1523 3398 1713 3457 mediocriter
1727 3416 1778 3478 ge-

372 3493 453 3553 rebat
481 3530 496 3540 ·
525 3496 712 3574 quorumvis
737 3528 756 3542 -
785 3498 817 3555 ni
847 3497 928 3577 quod
949 3496 1029 3575 apud
1060 3531 1074 3541 -
1105 3495 1189 3573 jubet
1213 3495 1402 3575 praedicitque
1428 3514 1457 3551 se
1477 3528 1492 3538 -
1513 3494 1621 3574 ignens
1640 3512 1743 3572 parare
1762 3526 1778 3538 ·

371 3603 528 3672 postquam
551 3597 661 3668 iussum
682 3602 722 3650 est
743 3594 842 3653 castris
862 3628 878 3639 -
898 3594 949 3651 alii
962 3592 1125 3651 venundati
1144 3626 1160 3637 -
1180 3592 1307 3649 infidum
1328 3612 1423 3670 neque
1447 3600 1532 3648 antea
1552 3624 1569 3636 -
1588 3608 1638 3669 qa.
1661 3590 1779 3647 incom-

373 3686 464 3746 modo
480 3708 603 3769 magnus
625 3687 769 3768 (patravit
789 3688 882 3766 deest)
904 3693 1026 3768 -plura
1049 3698 1169 3767 propter
1190 3688 1277 3768 Casp.
1301 3690 1433 3766 (dmarta
1445 3688 1540 3764 deest)
1561 3706 1689 3767 -prope
1704 3708 1779 3745 con-

372 3788 469 3844 sistere
488 3820 503 3830 ·
523 3785 574 3865 93.
592 3784 727 3844 difficilia
743 3785 950 3845 animadvertit
978 3817 998 3831 -
1027 3807 1085 3864 qua
1106 3786 1167 3863 ipse
1185 3785 1352 3843 ascenderat
1371 3820 1389 3831 -
1418 3787 1466 3865 94.
1490 3786 1661 3863 compositis
1677 3784 1780 3842 omui·

374 3882 428 3941 bus
447 3916 466 3930 -
486 3904 586 3941 verum
596 3881 755 3941 Numidica
775 3916 793 3928 ·
811 3879 965 3963 Jugnrthe
981 3883 1118 3941 saevitiam
1139 3913 1157 3927 -
1177 3882 1227 3959 95.
1248 3880 1285 3939 aa
1302 3883 1347 3939 illi
1360 3883 1551 3939 felicissimo·
1570 3898 1779 3959 nusquamsu·

373 4000 426 4061 per
449 3978 622 4039 industriam
644 4013 660 4025 -
680 3978 729 4058 96.
751 3988 907 4057 postquam
928 3978 960 4035 in
985 3988 1077 4035 castra
1091 3976 1177 4034 blatii
1196 4011 1213 4023 -
1232 3978 1388 4037 amborum
1405 3978 1545 4037 exercitus
1566 3984 1745 4055 conjunctus
1764 4010 1780 4021 ·

373 4077 516 4148 adventu,
538 4085 566 4134 et
585 4076 640 4155 ipsi
656 4074 753 4133 hostes
774 4071 925 4151 (cognovit
944 4072 1040 4149 deest)
1067 4105 1084 4117 ·
1108 4074 1172 4130 ullo
1195 4072 1286 4132 modo
1306 4076 1404 4153 proelii
1423 4108 1440 4120 ·
1466 4072 1563 4132 hostes
1586 4074 1694 4131 nostris
1720 4094 1781 4131 uu-

374 4194 456 4233 mero
476 4176 573 4254 plures
591 4208 606 4218 -
626 4185 716 4253 atque
729 4171 767 4230 ab
784 4169 925 4229 omnibus
941 4169 1075 4249 partibus
1094 4167 1155 4245 (ita
1175 4167 1280 4247 deest)
1302 4172 1351 4251 98.
1373 4172 1537 4230 fortissimis
1555 4170 1624 4227 viris
1650 4170 1745 4250 magis
1765 4203 1781 4216 -

375 4274 475 4350 itaque
500 4272 561 4329 dies
582 4280 774 4349 consumptus
793 4278 854 4327 erat
874 4300 891 4312 -
909 4277 1027 4324 noctem
1052 4264 1187 4345 prodesse
1209 4268 1266 4325 rati
1285 4310 1293 4325 .
1315 4316 1324 4333 ,
1347 4309 1355 4327 .
1395 4268 1479 4326 Tunc
1498 4301 1515 4313 -
1534 4265 1608 4325 duos
1628 4268 1782 4344 proximos

377 4370 490 4426 intersc
514 4402 526 4412 -
546 4388 579 4425 cx
598 4388 703 4447 magna
721 4376 803 4445 parte
823 4398 838 4408 -
860 4363 1046 4420 munimenta
1070 4360 1187 4440 gerebat
1207 4396 1223 4408 ·
1243 4364 1342 4445 lugere
1356 4386 1411 4444 pro
1423 4362 1583 4423 victoribus
1594 4382 1707 4443 agere·
1727 4384 1780 4446 99.
