3850 4867
423 305 490 380 ¹9²

413 463 537 540 tulere
566 465 774 558 militibus,
798 464 985 570 quoniam
1016 465 1217 572 imperare,
1240 467 1479 546 conturbatis
1506 464 1709 556 omnibns,
1730 489 1798 540 non

414 603 571 696 poterat.
595 591 753 693 lamque
767 589 846 666 (liet
866 607 1113 694 contemptus
1128 607 1228 682 erut,
1252 619 1375 696 quum
1395 609 1527 670 tumen
1539 589 1693 666 barbari
1711 585 1796 664 nihil
1874 675 1875 698 Χ

414 712 626 806 remittere3
643 729 778 814 utque,
801 713 861 785 uti
877 737 978 815 reget
992 731 1267 816 praeceperunt,
1293 731 1444 792 noctem
1459 742 1532 820 pro
1549 740 1588 790 te
1601 713 1694 802 rati,
1715 709 1796 786 ecri-

414 859 460 906 ιιι
484 834 631 934 instare.
678 837 781 910 Tum
798 834 943 908 Murius
967 861 1014 910 ex
1035 838 1143 941 eopia
1166 863 1295 912 rerum
1313 837 1515 914 consilium
1528 837 1666 926 trehit,
1689 851 1794 937 atqu,

413 959 473 1035 uti
501 959 579 1033 uuit
606 959 775 1062 receptui
800 957 905 1032 locus
928 975 1038 1048 esset,
1058 959 1166 1034 collis
1193 957 1287 1035 duos
1309 961 1546 1066 propinquos
1566 961 1668 1036 inter
1689 985 1724 1034 se
1748 984 1795 1030 nc·

413 1099 549 1188 enpat3
568 1109 736 1184 quorum
758 1082 801 1156 in
821 1109 919 1172 uno,
942 1083 1072 1156 caetris
1090 1111 1229 1188 parum
1249 1085 1396 1188 amplo,
1421 1085 1512 1160 fone
1527 1110 1637 1187 aquae
1655 1106 1793 1185 magnus

412 1225 521 1282 erat:
547 1206 645 1281 ulter
665 1206 750 1280 usui
769 1221 1022 1308 opportunus,
1044 1205 1135 1308 quia
1155 1233 1294 1311 magna
1313 1223 1422 1310 purte
1446 1205 1570 1282 editus
1592 1223 1630 1282 et
1650 1229 1793 1310 praeceps

412 1357 535 1434 pauca
559 1329 800 1404 munimento
819 1327 1022 1429 qrraerebat,
1072 1331 1248 1404 Ceterum
1269 1329 1373 1432 apud
1390 1357 1533 1434 aquam
1556 1329 1699 1404 Sullam
1719 1351 1790 1400 cum

412 1452 603 1554 equitibus
624 1466 775 1526 noctem
792 1449 935 1554 agitare
952 1451 1073 1526 iubet.
1123 1455 1205 1555 Ipse
1225 1453 1429 1558 paullatim
1451 1453 1633 1558 dispersos
1651 1449 1795 1534 militet,

413 1603 538 1678 neque
567 1576 695 1648 minus
729 1573 901 1648 hostibun
930 1573 1189 1664 mantibulis,
1228 1575 1269 1650 in
1305 1602 1430 1650 unum
1464 1573 1659 1650 contrahit
1682 1607 1689 1647 ε
1719 1571 1791 1648 dein

412 1715 569 1774 cunctus
589 1698 703 1800 pleno
727 1696 849 1800 gradu
871 1695 914 1770 in
939 1697 1077 1773 collem
1096 1697 1285 1772 subducit
1334 1702 1390 1774 Itu
1406 1725 1529 1804 reges,
1555 1699 1630 1773 loci
1650 1695 1790 1772 difficul-
1874 1675 1876 1692 .

414 1837 491 1899 tate
514 1821 653 1908 coacti,
674 1818 805 1922 praelio
832 1819 1098 1912 detur-rentum
1123 1846 1246 1923 neque
1272 1837 1400 1897 tamen
1426 1847 1511 1898 suos
1536 1820 1684 1926 longius
1703 1819 1789 1893 abire

410 1949 563 2037 sinunt,
585 1942 671 2033 sed,
688 1958 851 2044 utroque
867 1942 964 2018 colle
975 1941 1054 2016 mul
1061 1941 1224 2017 titudine
1240 1942 1493 2034 circumdato,
1518 1945 1626 2020 efflui
1638 1942 1791 2020 consede

410 2097 459 2146 re.
508 2068 611 2144 Dein
635 2065 776 2140 crebris
804 2062 955 2168 ignibus
987 2062 1115 2153 factis,
1139 2064 1366 2168 plerumque
1402 2068 1522 2141 noetis
1554 2067 1705 2142 barbari
1737 2091 1789 2138 suo

410 2221 516 2269 more
551 2190 690 2277 letari,
719 2188 922 2278 exsultare,
944 2201 1110 2290 strepere
1141 2189 1295 2262 vocibus
1319 2222 1326 2261 :
1353 2206 1391 2264 et
1418 2190 1487 2292 ipsi
1516 2190 1629 2264 duces
1647 2189 1790 2270 feroce,

410 2316 502 2420 quin
523 2340 603 2388 non
628 2311 773 2414 fugere,
801 2326 917 2412 atque
942 2338 1012 2413 pro
1032 2310 1236 2386 victoribus
1253 2339 1368 2416 agere.
1396 2369 1401 2383 .
1420 2312 1491 2388 Sed
1510 2339 1553 2386 ea
1584 2330 1718 2387 cuncta
1732 2313 1789 2382 llo-

409 2436 533 2513 manis
552 2462 599 2510 ex
628 2431 792 2508 tenebris
811 2448 850 2505 et
873 2431 1097 2508 editioribus
1117 2434 1207 2508 locis
1228 2433 1354 2508 facilia
1380 2435 1463 2510 visu
1490 2463 1701 2540 magnoque
1714 2433 1790 2507 bor·

410 2691 539 2750 nimento
558 2687 658 2766 egebat
677 2686 717 2745 itu
733 2683 896 2749 Gmteuet
916 2683 1059 2758 llantur,
1086 2683 1135 2742 ted
1158 2695 1258 2744 eontra
1277 2685 1374 2752 libros.
1394 2708 1489 2768 pauno
1510 2710 1590 2754 mun.
1613 2691 1688 2770 egeb.
1709 2687 1790 2748 Guelf-

410 2797 440 2856 ὅ.
456 2794 484 2854 6.
497 2815 526 2874 7.
547 2790 675 2854 Palatl.
696 2789 766 2870 lieg.
786 2788 896 2848 broud.
919 2787 1017 2851 Pernb.
1039 2789 1122 2846 blurt.
1144 2787 1204 2846 llus.
1216 2789 1245 2858 Δ.
1270 2809 1366 2867 puueu
1381 2793 1562 2856 meutimento
1577 2797 1694 2874 gerebat
1719 2793 1789 2855 Fubr.

407 2899 547 2980 gerebant
567 2895 646 2954 leid.
659 2898 681 2958 l.
700 2894 768 2954 Nun.
788 2893 879 2956 Mari.
888 2905 917 2956 r.
930 2891 992 2950 But.
1009 2913 1033 2950 ι.
1057 2911 1096 2948 ιιι.
1106 2911 1151 2970 pr.
1174 2891 1287 2969 regebul
1300 2897 1396 2974 pauci.
1414 2915 1512 2976 pauca
1526 2900 1705 2958 munimenta
1719 2917 1790 2977 gert-

404 3005 459 3064 bnl
478 2999 714 3084 longepluriml.
732 3014 830 3077 pauca
843 2995 1024 3056 mrmimenta
1038 2995 1183 3074 quur-ebat
1203 2995 1269 3056 Eue.
1288 2997 1367 3058 leid.
1380 3022 1406 3059 a.
1420 3022 1446 3060 e.
1469 2999 1545 3062 cod.
1567 3003 1708 3073 Aldinut,
1728 3021 1791 3062 unus

408 3111 496 3174 iiirii.
518 3107 552 3166 in
572 3103 675 3166 collem
694 3101 776 3160 subd.
807 3101 840 3158 in
854 3101 957 3160 collem
976 3121 1037 3159 om.
1058 3098 1155 3158 Guell'.
1170 3099 1199 3160 ὅ.
1231 3100 1326 3182 clipei
1342 3105 1430 3164 duent
1448 3103 1515 3188 Τις.
1536 3105 1595 3166 Erl.
1617 3107 1677 3168 Bas.
1692 3131 1714 3168 ι.
1734 3107 1791 3184 qur'u

409 3237 472 3276 non
485 3215 613 3292 sugere,
633 3230 690 3288 pro
716 3203 871 3265 victoribus
892 3224 987 3304 agere·
998 3205 1095 3268 Guell.
1110 3223 1135 3264 2.
1149 3207 1176 3266 3.
1187 3205 1335 3284 fitgerurtl
1357 3207 1439 3266 Paris.
1455 3229 1480 3267 c.
1504 3231 1543 3267 ιιι.
1558 3231 1613 3274 tec.
1625 3213 1731 3290 fugere
1748 3217 1789 3269 aut

405 3342 462 3400 pro
482 3337 585 3378 omnes
601 3315 658 3373 sere
673 3311 750 3370 libri.
779 3319 866 3387 alque
876 3331 931 3388 pro
952 3306 1049 3367 Guell.
1070 3329 1114 3366 ιο.
1134 3329 1179 3367 ιι.
1209 3309 1325 3367 [θιὼ-Γ.
1338 3331 1367 3374 ιι.
1390 3311 1542 3372 deteriores
1556 3313 1682 3373 Gruleri.
1702 3325 1730 3374 ut
1744 3333 1789 3393 pro

408 3424 577 3482 omnesiere
591 3416 671 3476 Leid.
692 3413 826 3472 eiliibere
843 3414 988 3474 ridentur.
1001 3413 1203 3492 fugerentque
1215 3434 1270 3492 pro
1283 3413 1352 3479 viel.
1375 3415 1434 3473 Bas.
1448 3418 1475 3485 Δ,
1496 3425 1524 3474 et
1541 3417 1600 3476 iam
1614 3441 1669 3497 pro
1684 3419 1789 3478 uictori·

410 3524 460 3585 luu
476 3545 532 3586 rese
547 3541 633 3600 agere
653 3521 737 3578 Bern.
751 3509 775 3576 ι’.
795 3525 824 3575 et
839 3515 894 3596 ipsi
906 3538 962 3595 pro
976 3516 1149 3588 victoribus,
1174 3517 1315 3596 quianon
1328 3520 1436 3597 sugere
1455 3519 1539 3584 Bern.
1552 3521 1581 3581 3.

493 3674 566 3755 Cup.
581 3696 632 3754 99.
653 3691 706 3730 nec
722 3671 808 3750 tigna
822 3671 939 3749 quidem
958 3672 1030 3733 Viu.
1047 3691 1072 3728 ι.
1093 3669 1190 3730 Guell.
1206 3691 1252 3730 tn.
1272 3669 1353 3752 Berg.
1375 3671 1435 3732 Bar.
1447 3673 1476 3742 4.
1498 3673 1582 3732 Bern.
1599 3695 1623 3735 ι.
1645 3680 1681 3736 de
1693 3677 1788 3754 unpro-

410 3784 472 3845 vito
490 3779 644 3858 uectigales
663 3797 764 3835 omnes
779 3775 856 3834 libri.
875 3773 976 3851 vigiles
987 3773 1067 3832 Cort.
1083 3774 1258 3836 emendavit.
1278 3785 1329 3833 aru
1337 3775 1431 3854 portis
1451 3775 1535 3836 Febr.
1552 3801 1576 3837 ι.
1598 3781 1665 3845 vin.
1677 3803 1702 3840 ι.
1721 3781 1785 3846 llut.

414 3912 440 3955 ι.
460 3889 555 3948 Strur.
575 3883 636 3942 inc.
656 3881 740 3938 llum.
752 3899 777 3941 1.
798 3878 860 3936 Bas.
874 3899 898 3935 ι.
919 3871 986 3936 Ecc.
1007 3877 1076 3960 Teg.
1098 3877 1195 3936 Guull.
1213 3899 1318 3959 t.7.9.
1334 3901 1379 3938 ιο.
1393 3901 1438 3940 ιι.
1462 3883 1591 3962 quinque
1602 3886 1710 3943 Wanii.
1728 3883 1784 3940 Tur.

410 4008 558 4072 erumpere
576 3986 651 4046 iubet
671 3982 791 4043 Leirlb.
805 3981 836 4040 d.
849 3982 1064 4062 f.g.i.k.1.m.
1077 3999 1109 4046 u.
1130 3987 1335 4043 omnetPulnt.
1353 3983 1530 4065 (preterii.)
1560 3993 1620 4048 Erl.
1642 3989 1699 4046 an.
1722 4009 1742 4044 ι.
1760 3987 1783 4052 i.

407 4101 478 4162 Tur.
499 4095 584 4155 Rem.
597 4111 623 4150 1.
643 4088 718 4148 iubet
733 4105 882 4165 erumpere
895 4087 987 4166 porte}
1006 4087 1091 4146 Bern.
1105 4085 1134 4146 ὅ.
1154 4085 1239 4165 signu
1254 4105 1369 4146 canere.
1382 4087 1539 4169 u'gmm.
1556 4089 1652 4150 Guels.
1666 4113 1707 4154 ιο.
1717 4089 1783 4148 leid.

327 4240 336 4258 .
409 4210 437 4268 l.
458 4201 580 4266 tubane.
601 4193 698 4256 Guell.
712 4213 756 4250 ιι.
784 4191 854 4250 lulla
868 4209 897 4249 c.
925 4188 1021 4255 Guell.
1033 4193 1064 4262 Δ.
1074 4192 1103 4250 6.
1114 4213 1141 4274 7.
1155 4211 1200 4252 tn.
1220 4189 1286 4252 Ere.
1306 4191 1391 4252 Rem.
1408 4213 1433 4253 ι.
1459 4193 1554 4259 Strur.
1576 4195 1675 4256 ineert.
1695 4195 1781 4254 l'rnnc.

1875 3969 1878 4094 Ι
