3850 4867
1427 324 1495 418 241

111 492 202 571 vinci
216 495 296 575 sine
315 512 384 575 tuo
398 496 570 605 periculo
587 522 792 607 possumus
826 502 888 579 An
905 498 1056 609 ignoras
1070 492 1274 591 Romanos,
1297 490 1501 611 postqatam

109 618 154 695 ad
165 622 397 701 occidentem
412 626 655 731 pergentibus
668 625 785 703 linem
798 626 973 703 Oceanus
990 625 1100 718 fecit,
1120 651 1225 701 arma
1241 623 1321 702 huc
1338 652 1501 705 convor-

109 745 206 825 tiae?
225 774 352 853 neque
358 751 598 855 quicquama
609 750 801 855 principio
815 751 889 827 nisi
901 766 1057 855 raptum
1063 748 1217 840 habere,
1228 750 1399 842 domum,
1408 775 1500 828 con·

108 868 593 979 iuges,agroa,imperiuml
617 899 804 951 convenas
815 874 1018 965 olim,sine
1026 873 1163 978 patria,
1174 874 1256 949 sine
1263 874 1499 978 parentibus,

108 1009 204 1097 pmte
229 996 403 1073 conditos
437 997 538 1073 orbis
561 1014 775 1075 terrarum:
801 998 941 1140 quibus
967 1024 1047 1074 non
1069 986 1244 1074 humana¹
1267 995 1349 1073 ulla
1374 1023 1502 1103 neque

108 1118 228 1195 divina
257 1121 427 1211 obstant,
451 1121 549 1224 quin
576 1122 714 1213 socios,
742 1122 906 1213 amicos,
932 1121 1090 1225 procul,
1115 1120 1222 1196 iuxta
1240 1121 1349 1212 sitos,
1369 1122 1500 1225 inopes
1605 1184 1611 1194 ,

107 1258 346 1347 potentesque
367 1243 544 1335 trabant,
575 1246 774 1339 excidant,
800 1246 1007 1385 omniaque
1039 1271 1119 1320 non
1138 1270 1243 1320 serva
1264 1259 1303 1321 et
1324 1269 1504 1323 maxumo

109 1392 216 1472 regna
242 1366 397 1443 hostilia
430 1368 587 1445 ducant.
634 1370 808 1472 Namque
836 1369 952 1474 pauci
980 1368 1219 1455 libertatem,
1242 1394 1330 1473 pars
1360 1394 1501 1509 magna

109 1490 214 1567 iustos
230 1491 406 1567 dominos
416 1491 568 1586 volunt5
586 1516 655 1566 nos
666 1491 829 1595 suspecti
845 1516 976 1566 sumus
986 1489 1116 1565 aemuli
1131 1506 1171 1565 et
1181 1489 1224 1566 in
1238 1506 1407 1596 tempore
1418 1492 1503 1566 rin-

108 1614 200 1692 dices
217 1614 400 1701 adfuturi.
435 1617 497 1690 Tu
513 1640 621 1705 vero,
646 1615 710 1690 cui
728 1612 906 1705 Seleucia,
926 1638 1106 1687 maxuma
1127 1613 1298 1703 urbium,
1323 1637 1501 1719 regnum·

110 1768 178 1845 que
199 1740 358 1817 Persidis
377 1739 520 1816 inclitis
538 1737 681 1814 divitiis
696 1753 765 1828 est,
790 1735 887 1839 quid
907 1736 957 1810 ab
984 1734 1059 1811 illis
1083 1735 1157 1810 nisi
1183 1736 1318 1813 dolum
1343 1742 1386 1815 in
1405 1766 1503 1843 prae·

110 1890 185 1941 sens
210 1880 249 1942 et
263 1878 392 1969 postea
413 1864 560 1939 bellum
585 1864 804 1967 exspectas?
827 1860 991 1936 Romani
1016 1885 1122 1934 arma
1137 1859 1180 1935 in
1196 1862 1319 1937 omnis
1338 1861 1502 1955 habent,

110 2014 297 2066 acerruma
322 1987 365 2063 in
389 2013 470 2078 eos,
495 1986 636 2088 quibus
663 1984 773 2061 victis
802 1983 924 2088 spolia
956 2005 1135 2058 maxuma
1162 2000 1280 2079 sunt3
1322 1986 1502 2063 audendo

111 2102 143 2189 et
158 2111 326 2190 fallendo
348 2128 387 2185 et
409 2110 510 2186 bella
531 2138 577 2185 ex
593 2108 702 2185 bellis
722 2106 881 2183 serendo
905 2106 1034 2210 magni
1055 2106 1155 2181 facti.
1207 2110 1277 2182 Per
1296 2105 1404 2183 hunc
1422 2137 1505 2185 mc-

111 2262 182 2315 ttm
199 2236 441 2341 exstinguent
464 2233 593 2308 omnia
621 2247 690 2307 aut
714 2220 915 2307 occident:
941 2229 1047 2332 quod
1072 2228 1181 2304 haud
1202 2230 1355 2306 difficile
1376 2249 1447 2325 est,
1471 2236 1503 2311 si

112 2376 148 2439 tu
171 2358 467 2465 Mesopotamia,
506 2382 575 2431 nos
595 2354 776 2431 Armenia
809 2352 1152 2457 circumgredimur
1184 2355 1393 2431 exercitum
1420 2358 1503 2435 sine

110 2482 315 2575 flumenta,
330 2484 412 2559 sine
427 2479 597 2571 auxiliis,
621 2480 777 2555 fortuna
803 2490 872 2552 aut
899 2476 1037 2551 nostris
1070 2476 1172 2552 vitiis
1194 2476 1325 2554 adhuc
1354 2481 1505 2559 i-ncolu·
1563 2492 1568 2499 '

89 2636 209 2695 ¹mem
258 2610 389 2710 Teque
411 2590 479 2679 illa
500 2601 601 2677 fama
618 2618 815 2705 sequetur,
838 2598 982 2674 auxilio
1005 2598 1222 2703 profectum
1241 2604 1388 2708 magnis
1407 2608 1505 2711 regi·

113 2733 176 2809 bus
192 2736 358 2811 latrones
377 2727 550 2834 gentium
573 2723 800 2830 oppressisse.
849 2721 966 2820 Quod
982 2721 1041 2797 uti
1060 2722 1175 2799 facias
1192 2751 1330 2803 moneo
1351 2726 1505 2809 hortor·

115 2884 202 2965 que3
227 2884 306 2934 nen
327 2853 438 2931 malis
466 2849 637 2956 pernicie
664 2862 792 2925 nostra
815 2861 922 2922 tuam
951 2845 1145 2949 prolatare
1178 2874 1298 2952 quam
1327 2838 1506 2933 societate

115 2982 226 3059 victor
242 2980 336 3057 fieri.

182 3112 233 3182 13.
259 3102 377 3181 Curio
386 3097 704 3177 vulcanaliorum
720 3092 782 3170 die
802 3091 946 3195 ibidem
963 3108 1201 3167 moratua-
1230 3100 1283 3192 14
1310 3098 1507 3204 Religicne

114 3228 419 3307 vulcanaliorum
433 3222 706 3327 impeditus-
718 3214 772 3293 15.
780 3216 904 3292 Scalas
916 3240 1024 3320 pares
1038 3216 1229 3295 moenium
1240 3219 1519 3299 altitudine—⁶

121 3359 166 3431 16.
187 3352 376 3433 Dissidere
401 3349 502 3424 inter
522 3372 561 3421 se
577 3368 726 3447 coepere
745 3364 871 3443 neque
888 3338 931 3413 in
949 3338 1120 3416 medinm
1136 3343 1421 3420 consultare-
1452 3376 1506 3449 ¹7·

117 3478 315 3585 Multisque
330 3470 609 3577 suspicionibus
626 3464 791 3541 volentia
812 3462 916 3569 plebi
941 3463 1111 3539 facturas
1132 3464 1340 3541 videbatur.
1365 3510 1416 3535 .-
1457 3476 1512 3574 18,

119 3679 202 3741 beat
207 3675 310 3761 ,apud
321 3672 434 3734 Charis.
451 3670 565 3751 legitur.
586 3666 731 3746 quomodo
745 3680 836 3742 neque
854 3658 942 3721 Fabr.
962 3658 1038 3721 Bric.
1059 3671 1141 3724 vesus
1156 3661 1246 3723 aditio
1254 3686 1264 3736 ς
1285 3670 1407 3743 quam
1419 3691 1511 3751 mque

121 3787 206 3847 astari.
224 3781 454 3859 macomus
472 3774 637 3837 Vaticanus.
648 3767 751 3841 Fabri,
761 3766 860 3827 Ursini
874 3765 1009 3829 atiliaco.
1025 3762 1109 3826 libris
1123 3764 1203 3828 abest
1215 3774 1334 3851 copula
1355 3782 1439 3837 mum
1453 3777 1512 3839 im,

119 3889 220 3967 petiam
232 3888 382 3973 prolatare
399 3884 500 3965 vulgo·
509 3910 551 3927 -·

126 3996 166 4059 ιδ.
176 3994 218 4067 ιζ.
228 3994 306 4056 Non.
311 3991 341 4067 8,
356 3986 406 4071 49.
419 3988 472 4048 cfr.
486 3981 598 4046 Charis.
590 4002 643 4062 .p.
635 3977 702 4050 ..46
694 3998 764 4059 ..ap
756 3974 898 4056 .Pompsi.
906 3973 1025 4033 Gomm
1036 3971 1115 4041 Μ),
1129 3996 1161 4057 p.
1153 3974 1243 4037 ..163
1255 3975 1310 4039 Ed.
1319 3978 1515 4049 Lindemann.

125 4098 161 4159 ιιι
172 4098 230 4163 hcc
239 4102 394 4184 leguntur
418 4089 509 4153 Curio
525 4088 634 4148 didam
651 4092 786 4146 moratur
800 4078 918 4161 regions
938 4077 1184 4141 Vulcaruliorcm
1208 4091 1238 4141 et
1255 4103 1325 4166 pag.
1343 4106 1412 4169 ²²7
1442 4091 1514 4151 mli.

126 4201 202 4287 sicas
213 4198 456 4269 Vulcanaliorcm
468 4192 631 4275 impeditas.
645 4208 733 4275 quara
744 4186 839 4248 aditor
848 4186 914 4251 satit
929 4196 1015 4247 acute
1025 4184 1167 4261 coniecit,
1182 4184 1243 4248 duo
1256 4187 1366 4255 divana
1381 4196 1447 4259 loca
1458 4216 1516 4259 casa

1072 4318 1115 4389 31
