3850 4867
367 325 415 398 30

366 499 578 580 amicorum
600 517 715 608 atque
738 502 938 580 clientium
960 505 1108 582 occulte
1122 503 1296 582 habebat
1330 508 1532 611 Postquam
1546 507 1624 582 dies
1645 505 1765 580 comi·

365 626 510 703 tiorum
528 628 649 718 venit,
674 645 711 702 et
729 627 902 704 Catilinae
927 652 1052 732 neque
1068 629 1219 734 petitio,
1235 655 1360 733 neque
1377 632 1650 734 iusidiae,quas
1664 633 1767 705 Con-

364 750 438 825 auli
455 751 500 828 in
519 777 654 856 campo
673 753 834 844 fecerat,
866 777 1044 857 prospere
1068 773 1225 849 οοεοοιος
1255 755 1453 832 constituit
1476 755 1622 830 bellum
1642 753 1766 828 facere

364 889 404 948 et
419 889 585 950 extrema
604 876 734 950 omnia
755 875 934 980 experiri,
959 876 1144 978 quoniam
1159 902 1246 980 quae
1263 877 1411 953 occulte
1424 892 1688 982 temptaverat,
1708 897 1766 950 at·

317 1017 354 1078 ³7
365 1023 457 1103 pere
488 997 667 1103 foedaque
693 1014 904 1075 evenerant
953 999 1076 1105 Igitur
1095 1003 1133 1076 C
1153 1001 1345 1076 Manlium
1373 1001 1536 1076 Faesulas
1569 1016 1685 1104 atque
1716 998 1761 1072 in

364 1145 449 1197 eam
470 1134 618 1228 partem
638 1125 816 1214 Etruriae,
850 1122 1077 1227 Septimium
1097 1125 1305 1228 quemdam
1326 1127 1537 1202 Camertem
1561 1125 1604 1199 in
1629 1147 1765 1227 agrum

364 1244 565 1337 Picenum,
583 1249 620 1322 C.
630 1247 774 1322 Iulium
788 1247 830 1322 in
844 1246 1025 1352 Apuliam
1041 1247 1204 1341 dimisit3
1220 1265 1399 1352 praeterea
1410 1248 1531 1323 alium
1542 1247 1637 1338 alio,
1649 1272 1766 1348 quem

364 1369 510 1473 ultique
540 1383 802 1474 opportunum
824 1371 897 1446 eibi
920 1372 1002 1448 fore
1023 1370 1208 1449 credebat
1241 1377 1390 1449 Interea
1421 1373 1549 1446 llomoe
1567 1370 1690 1444 multa
1714 1368 1766 1442 si-

363 1492 449 1568 mul
467 1491 612 1586 moliri;
635 1495 792 1569 Consuli
819 1493 975 1570 insidiae
1001 1495 1176 1586 tendere,
1201 1523 1342 1602 parare
1358 1495 1555 1584 incendia,
1579 1507 1765 1598 opportu-

297 1632 301 1640 '
363 1641 416 1691 na
450 1613 533 1690 loca
564 1618 717 1693 armatis
746 1615 969 1693 hominibus
996 1619 1195 1695 obsidere:
1229 1619 1309 1724 ipse
1335 1647 1425 1696 cum
1455 1617 1531 1694 telo
1553 1643 1646 1707 esse,
1671 1617 1766 1690 item

365 1736 459 1814 alioe
482 1738 636 1816 iubere:
661 1739 828 1830 hortari,
853 1739 911 1814 uti
933 1765 1081 1846 semper
1115 1743 1256 1818 intenti
1277 1743 1477 1846 paratique
1500 1755 1622 1816 meent
1645 1771 1653 1813 ι
1684 1738 1764 1814 diet

363 1875 569 1966 nocteeqne
588 1861 785 1952 festinare,
809 1859 982 1966 vigilare,
1008 1889 1136 1966 neque
1162 1864 1359 1940 insomniis
1382 1889 1507 1968 neque
1529 1864 1659 1940 labore
1675 1861 1763 1937 fati·

362 1985 455 2091 gari.
495 1989 684 2064 Postremo
703 1983 772 2060 ubi
798 1984 922 2060 multa
943 1986 1105 2090 agitanti
1127 1986 1229 2063 nihil
1250 1989 1443 2092 procedit,
1468 2011 1597 2062 ruram
1625 1986 1765 2060 intem·

361 2124 467 2218 perta
488 2125 600 2186 noete
623 2107 899 2186 coniurationis
917 2109 1112 2214 principes
1129 2127 1313 2187 convocat
1333 2137 1403 2216 per
1420 2111 1471 2185 Μ.
1493 2110 1671 2186 Ροιοίιιιιι
1683 2111 1763 2184 Lae·

361 2258 469 2308 cam:
495 2233 625 2337 ibique
643 2232 766 2308 multa
787 2231 834 2307 de
848 2231 997 2336 ignavia
1009 2258 1143 2309 eorum
1159 2252 1328 2337 querula,
1341 2235 1471 2325 docet,
1490 2259 1555 2326 „se
1569 2233 1761 2309 Manlium

368 2357 588 2461 praemisisoe
606 2357 655 2432 ad
675 2355 758 2433 eam
784 2353 1091 2446 multitudinem,
1125 2382 1243 2460 quam
1267 2357 1319 2433 ad
1348 2356 1540 2464 capiunda
1564 2383 1669 2433 arma
1693 2381 1762 2461 pa·

362 2497 531 2575 raverat3
554 2481 645 2557 item
672 2481 763 2558 alios
793 2480 836 2554 in
859 2475 933 2552 alia
953 2475 1036 2553 loca
1056 2495 1292 2584 opportuna,
1324 2481 1393 2584 qui
1410 2481 1567 2556 initium
1587 2479 1678 2557 belli
1705 2478 1759 2555 fa·

367 2721 394 2760 1.
409 2697 438 2759 3.
460 2719 549 2778 remp.
561 2699 724 2759 desentiret.
746 2700 807 2765 Bae.
822 2722 847 2760 ι.
867 2701 1034 2763 drktentiret
1053 2704 1140 2783 pauci
1153 2713 1183 2761 et
1198 2704 1312 2764 viliore·
1329 2714 1448 2784 mrerpt.
1468 2702 1548 2765 leid.
1560 2702 1590 2768 d.
1603 2726 1630 2763 a.
1650 2703 1719 2768 Tur.
1733 2725 1759 2764 ι.

362 2803 449 2864 Bern.
462 2823 490 2864 a.
518 2805 692 2865 consentiret
711 2803 770 2863 Erl.
803 2801 949 2866 clientum
971 2806 1056 2867 Bern.
1071 2826 1096 2870 1.
1110 2806 1178 2871 ut.
1198 2807 1267 2873 Tur.
1290 2830 1318 2874 ι.
1339 2809 1400 2868 Bae
1416 2813 1444 2873 ὅ.
1460 2809 1489 2879 d.
1516 2808 1678 2888 petitione.
1700 2810 1757 2870 inc.

361 2909 469 2970 Seme.
491 2909 603 2973 Fabrie.
632 2911 691 2970 ttrt.
716 2910 785 2992 Teg.
814 2909 894 2970 Laid.
907 2932 934 2970 ιι.
946 2931 973 2972 c.
985 2931 1010 2969 e.
1026 2907 1138 2970 ΕΜ.
1157 2932 1198 2970 m.
1227 2909 1323 2972 Guelf.
1339 2931 1405 2972 m.
1418 2935 1446 2994 7.
1461 2934 1490 2992 9.
1507 2934 1614 2972 ιο.ιι.
1632 2933 1677 2971 ra.
1706 2913 1760 2977 Ac.

361 3015 433 3079 vin.
444 3035 473 3077 a.
494 3015 556 3076 Bae.
573 3036 600 3074 2.
617 3015 644 3078 3.
659 3013 687 3085 i.
709 3016 793 3074 Paris.
804 3014 834 3073 b.
851 3013 923 3075 Tur.
938 3036 963 3075 ι.
976 3034 1003 3074 a.
1025 3013 1109 3074 Bern.
1124 3035 1151 3076 a.
1172 3017 1334 3078 consulibua
1348 3017 1381 3076 in
1397 3037 1510 3098 canapo.
1532 3020 1571 3076 ita
1585 3017 1670 3076 Febr.
1690 3017 1759 3077 Nau

364 3123 484 3183 Comm.
507 3120 594 3183 Palat.
610 3139 636 3178 a.
649 3117 677 3182 3.
698 3117 778 3178 Leid.
793 3121 815 3184 l.
836 3117 934 3182 Heum.
955 3119 1063 3178 Seme.
1088 3117 1184 3178 Guell.
1209 3143 1234 3179 1.
1256 3141 1283 3185 r.
1300 3123 1327 3180 5.
1345 3141 1389 3180 ιο.
1409 3119 1479 3186 Τιιι.
1498 3143 1523 3180 ι.
1543 3121 1611 3203 Teg.
1632 3122 1763 3181 coneili-

362 3229 455 3308 burs.
476 3224 526 3288 Ac.
547 3222 610 3282 Bas.
625 3223 653 3282 3.
673 3223 731 3286 Erl.
753 3220 832 3286 Leid.
845 3243 870 3282 c.
902 3222 1015 3282 consuli
1033 3221 1066 3280 in
1083 3223 1148 3298 cs.
1168 3223 1235 3283 Seu.
1254 3245 1280 3283 ι.
1301 3224 1362 3288 Bas.
1379 3244 1405 3289 a.
1425 3224 1502 3284 Edit.
1523 3225 1608 3284 Paria.
1629 3225 1713 3285 Bern.
1730 3227 1760 3286 3.

363 3313 436 3412 quoe
452 3328 697 3405 contulifeeerat.
726 3327 811 3386 ceteri
830 3323 922 3386 Cottii
938 3335 968 3386 et
983 3326 1098 3385 Gmteri
1115 3326 1192 3387 libri.
1214 3329 1295 3394 leid.
1308 3351 1335 3388 a.
1351 3329 1381 3394 b.
1397 3350 1423 3390 a.
1442 3327 1474 3388 h.
1492 3330 1518 3388 k.
1535 3351 1575 3389 m.
1605 3329 1666 3389 Bae.
1690 3353 1716 3390 ι.
1731 3334 1760 3402 4.

362 3437 433 3499 Τοι.
450 3455 477 3498 a.
499 3433 582 3494 Bern.
603 3453 628 3490 1.
642 3450 669 3494 ι.
693 3449 827 3510 prospere
850 3449 1021 3494 concessere.
1044 3430 1105 3492 Bae.
1120 3451 1145 3490 ι.
1174 3442 1370 3512 temptaverat.
1392 3433 1454 3493 Bae.
1469 3456 1496 3493 1.
1509 3454 1536 3498 a.
1549 3434 1578 3495 3.
1595 3436 1624 3504 l.
1645 3433 1713 3500 Τιιι.
1733 3459 1759 3496 ι.

364 3538 450 3602 Bern.
463 3537 492 3598 ὅ.

429 3662 502 3744 Cup.
517 3683 566 3744 ²7.
588 3659 724 3719 Mallium
740 3658 862 3724 Femina.
892 3661 951 3721 Erl.
971 3661 1042 3722 Tur.
1061 3682 1087 3721 a.
1113 3662 1224 3724 dimisit
1241 3643 1281 3725 ita
1296 3665 1417 3745 plurimi
1433 3663 1510 3723 cod.
1540 3665 1627 3725 erista
1646 3669 1712 3728 Sen.
1731 3691 1759 3729 ι.

365 3772 465 3833 fleur.
486 3768 569 3830 llam.
589 3786 613 3823 ι.
643 3763 738 3822 Strnr.
765 3765 905 3828 Vinum.
934 3766 1002 3825 Ere.
1028 3764 1125 3825 Guell.
1137 3767 1165 3830 6.
1178 3789 1205 3848 7.
1216 3769 1245 3828 8.
1263 3790 1308 3826 ιι.
1336 3770 1395 3831 Erl.
1425 3769 1625 3835 leid.a.b.r.
1641 3773 1711 3854 dg.
1731 3776 1758 3837 l.

365 3879 463 3960 plures
476 3873 589 3934 wassii.
610 3869 678 3931 Tur.
695 3888 721 3927 a.
743 3887 844 3927 omnes
860 3867 921 3928 llas.
942 3869 1028 3928 Bern.
1051 3889 1078 3928 ι.
1099 3881 1292 3950 opportunum
1312 3871 1367 3932 eibi
1378 3874 1460 3949 sore.
1481 3873 1520 3932 ita
1535 3873 1631 3940 Codd.
1658 3878 1707 3936 sed
1726 3879 1759 3937 in

365 3980 463 4042 Guelf.
480 3995 525 4037 ta.
548 3997 588 4032 m.
604 3993 649 4054 pr.
671 3975 730 4031 sore
746 3975 859 4044 omisit,
878 3983 908 4033 et
925 3972 1011 4033 Fabr.
1031 3992 1058 4031 a.
1080 3973 1154 4048 fieri
1166 3973 1290 4034 cullibet.
1319 3997 1374 4056 pro
1395 3977 1465 4048 adri,
1486 3977 1583 4038 Guelf.
1606 4001 1651 4039 ιο.
1678 3983 1708 4040 ei
1726 3983 1759 4042 iu

292 4133 295 4142 .
367 4087 467 4147 multia
477 4085 576 4142 locum
593 4088 694 4137 mutat.
707 4078 780 4154 sore
791 4077 853 4138 aidi.
870 4079 928 4136 inc.
943 4096 971 4141 a.
991 4075 1089 4141 Guelf.
1103 4079 1130 4136 5.
1141 4099 1169 4156 q.
1183 4100 1205 4138 ι.
1219 4081 1265 4140 ub.
1286 4079 1382 4141 Guels.
1400 4083 1428 4152 l.
1446 4103 1490 4146 ιι.
1511 4101 1555 4142 er.
1570 4103 1594 4144 a.
1617 4084 1713 4149 Guelf.
1730 4087 1759 4149 6.

366 4214 390 4254 s.
407 4212 472 4272 opp.
493 4186 589 4246 Guelt‘.
602 4207 630 4264 9.
647 4203 692 4242 ιι.
714 4182 1001 4242 multosaimultalea.
1021 4181 1088 4240 Seu.
1110 4182 1209 4242 Heuss.
1231 4182 1326 4248 Guell.
1343 4206 1388 4244 ιο.
1410 4185 1493 4244 Febr.
1514 4207 1669 4285 uberare.
1695 4189 1757 4250 Bae.

369 4299 399 4371 4.
419 4294 490 4356 Tur.
503 4313 528 4353 1.
548 4289 711 4368 aimultrm.
732 4285 802 4346 Feb.
825 4307 848 4350 ι.
869 4285 956 4346 simul
970 4284 1049 4344 abeat
1061 4289 1148 4346 ctiam
1159 4289 1268 4347 trent
1295 4288 1392 4349 Pemb.
1414 4288 1475 4353 Bar.
1489 4290 1517 4350 5.
1536 4291 1760 4354 urultesmoliri.
