3850 4867
1533 365 1582 440 83

179 539 362 646 variaque
387 541 545 620 victoria
570 540 668 638 fuit3
689 539 780 621 dein
802 543 895 648 quia
920 559 1015 621 tunc
1044 542 1215 649 primurn
1235 542 1421 648 superbiae
1443 542 1587 619 nobili.-

179 666 268 742 tatis
291 667 442 744 obviam
462 667 562 743 itum
582 684 658 759 est,
689 693 776 771 quae
806 670 1002 745 contentio
1028 668 1157 746 divina
1186 685 1226 744 et
1249 666 1420 743 humana
1446 682 1586 743 cuncta

170 791 405 896 permiscuit
427 817 549 897 eoque
572 791 755 868 vecordiae
779 794 979 897 processit,
1013 809 1060 868 ut
1086 792 1221 869 studiis
1243 791 1417 869 civilibus
1439 792 1587 872 bellum

179 931 298 1020 atque
317 917 468 994 vastitas
490 915 612 993 Italiae
633 915 749 992 finem
772 916 920 993 faceret.
969 917 1041 993 Sed
1071 917 1297 1022 priusquam
1322 915 1587 993 huiuscemodi

178 1040 236 1116 rei
255 1041 411 1117 initium
427 1040 603 1145 expedio,
624 1065 747 1144 pauca
766 1065 881 1144 supra
900 1057 1091 1146 repetam3
1114 1067 1193 1145 quo
1215 1041 1265 1117 ad
1283 1040 1588 1148 cognoscendum

179 1165 311 1240 omnia
333 1166 495 1242 illustria
513 1165 630 1270 magis
644 1163 837 1270 magisque
853 1163 895 1238 in
910 1181 1041 1268 aperto
1058 1165 1143 1240 sint
1168 1164 1273 1241 Bello
1288 1166 1434 1243 Punico
1455 1190 1588 1242 secun-

179 1289 249 1380 do,
263 1318 340 1396 quo
349 1291 430 1366 dux
439 1287 810 1396 Carthaginiensium
821 1286 1036 1381 Hannibal,
1052 1305 1137 1392 post
1147 1290 1452 1395 magnitudinem
1466 1291 1589 1366 nomi·
1720 1277 1727 1286 ⁴

178 1415 243 1489 nis
250 1416 432 1505 Romani,
445 1415 565 1490 ltaliae
577 1439 665 1518 opes
678 1439 856 1491 maxume
870 1412 1093 1508 adtriverat3
1109 1415 1318 1506 Masinissa,
1331 1413 1589 1491 rexNumida·

179 1565 288 1631 rum,
308 1539 347 1614 in
370 1539 538 1614 amicitia
555 1554 726 1640 receptus
746 1566 769 1613 a
782 1543 820 1614 P.
834 1539 1101 1645 Scipione,cui
1114 1557 1243 1644 postea
1254 1539 1436 1616 Africano
1450 1565 1589 1645 eogno-

180 1689 273 1740 men
290 1689 336 1741 ex
348 1664 489 1739 virtute
499 1649 725 1754 fuitsmulta
742 1679 780 1738 et
791 1664 973 1768 praeclara
986 1663 1041 1740 rei
1058 1664 1235 1740 militaris
1245 1663 1416 1740 facinora
1429 1663 1586 1740 fecerat:

180 1787 233 1866 ob
253 1813 354 1892 quae,
368 1789 475 1864 victis
495 1786 870 1893 Carthaginiensibus
890 1803 928 1862 et
946 1805 1059 1891 capto
1077 1785 1265 1892 Syphace,
1277 1789 1387 1864 cuius
1402 1789 1445 1863 in
1457 1788 1586 1864 Africa

180 1937 366 2022 magnum
386 1929 503 2017 atque
521 1912 598 1987 late
620 1909 970 2018 imperiumvaluit,
994 1910 1160 2014 populus
1178 1913 1372 1988 Romanus
1386 1938 1588 2015 quascum-

179 2063 260 2146 que
281 2037 388 2116 urbis
404 2051 443 2112 et
462 2061 569 2141 agros
589 2061 710 2110 manu
731 2051 902 2140 ceperat,
926 2035 1004 2141 regi
1019 2034 1122 2111 dono
1135 2034 1250 2134 dedit
1284 2036 1407 2142 Igitur
1417 2035 1585 2111 amicitia

178 2160 405 2253 Masinissae,
423 2161 526 2237 bona
542 2175 659 2264 atque
675 2157 833 2235 honesta
851 2157 961 2234 nobis
980 2159 1196 2264 permansit.
1230 2159 1304 2236 Sed
1318 2159 1469 2265 imperii
1482 2158 1586 2235 vita

180 2312 260 2390 que
270 2287 351 2364 eius
364 2284 450 2362 linis
469 2284 570 2360 idem
588 2283 673 2359 fuit
688 2276 691 2284 ’
705 2283 806 2360 Dein
818 2283 977 2388 Micipsa
992 2281 1098 2358 'filius
1112 2307 1273 2390 regnum
1284 2281 1386 2360 solus
1398 2281 1583 2373 obtinuit,

167 2409 443 2504 Mastanabale
460 2425 498 2485 et
517 2406 682 2485 Gulussa
706 2405 889 2483 lintribus
906 2407 1042 2484 morbo
1062 2407 1279 2512 absumptis
1331 2412 1367 2486 Is
1388 2406 1586 2486 Adherba-

179 2533 261 2611 lem
282 2549 322 2611 et
334 2530 591 2640 Hiempsalem
620 2557 667 2607 ex
691 2555 768 2607 sese
790 2531 923 2638 genuit
930 2565 941 2627 ;
974 2530 1294 2637 Iugurthamque,
1316 2530 1588 2610 Mastanabalis

179 2657 312 2736 fratris
345 2656 490 2748 filium,
515 2682 631 2760 quem
658 2655 871 2747 Masinissa,
898 2655 1004 2759 quod
1024 2672 1128 2732 ortus
1158 2659 1450 2737 exconcubina
1480 2674 1586 2736 erat.

179 2782 378 2890 privatum
399 2780 624 2884 reliquerat,
648 2777 781 2856 eodem
798 2779 929 2872 culm,
954 2805 1033 2884 quo
1050 2781 1189 2858 liberos
1207 2807 1308 2874 suos,
1327 2782 1433 2860 domi
1447 2779 1588 2860 habuit
1628 2893 1631 2898 Ι

179 2961 270 3026 Febr.
284 2985 309 3024 1.
330 2963 393 3028 Bar.
409 2982 435 3022 1.
462 2961 533 3024 vin.
546 2979 575 3024 ι.
594 2958 661 3019 Sen.
674 2981 700 3025 1.
720 2957 805 3020 Rern.
820 2981 846 3021 1.
865 2959 927 3021 Bar.
942 2960 972 3033 4.
992 2958 1078 3022 Bam.
1094 2983 1120 3028 ι.
1139 2963 1200 3029 inc.
1225 2962 1322 3026 δίων.
1341 2962 1447 3030 Franc.
1464 2961 1587 3026 vast.

181 3069 252 3132 Eae.
266 3067 364 3130 Guell.
376 3089 404 3129 a.
417 3067 445 3132 ὅ.
458 3065 487 3138 l.
502 3087 530 3148 7.
542 3087 571 3145 9.
587 3085 633 3126 ιο.
647 3086 693 3126 ιι.
712 3084 757 3130 ιι.
778 3063 879 3127 decem
888 3065 1002 3129 Wassii.
1012 3065 1133 3127 Merseb.
1147 3067 1347 3131 iiiiiiomnes
1354 3068 1435 3129 Laid.
1449 3078 1551 3149 prater
1561 3069 1583 3127 l.

166 3173 435 3236 ·hwnanaomnia
454 3171 543 3233 Palat.
556 3169 586 3232 ὅ.
617 3168 736 3232 Laida.
763 3179 872 3231 umcla
894 3170 1122 3238 deletMarl.1·.
1150 3182 1183 3232 ut
1200 3173 1304 3234 studii
1321 3173 1384 3234 Bas.
1399 3193 1424 3233 ι.
1439 3173 1469 3244 4.
1490 3170 1588 3232 Turia.

167 3281 272 3347 'Rern
291 3301 316 3341 ι.
330 3285 359 3344 ³.
380 3278 533 3361 crpcdiam
554 3275 617 3336 Bas.
633 3276 698 3350 nd.
718 3275 787 3343 Vin.
802 3296 830 3338 ι.
849 3277 909 3338 inc.
936 3276 1019 3341 Vrat.
1034 3277 1105 3340 nd.
1132 3275 1213 3338 leid.
1226 3299 1253 3338 a.
1268 3277 1298 3339 b.
1311 3277 1381 3345 cd.
1395 3298 1461 3361 eg.
1477 3275 1542 3336 b.i.
1555 3275 1584 3335 k.

171 3392 266 3472 ¹plur.
281 3385 369 3450 nivii.
399 3384 503 3446 Franc.
532 3383 628 3446 Strav·
648 3382 745 3444 Senat.
766 3381 867 3444 Hense.
887 3381 973 3443 Rem.
987 3404 1013 3448 ι.
1041 3381 1139 3443 Guell.
1151 3382 1181 3454 4.
1196 3405 1225 3465 7.
1239 3405 1269 3465 9.
1281 3404 1328 3444 rr.
1353 3381 1414 3443 Erl.
1455 3378 1586 3445 Bem.1.

181 3491 308 3575 expedio
328 3491 424 3553 ceteri.
444 3487 607 3552 Hannibal.
627 3489 761 3550 meliores
774 3486 853 3549 libri.
873 3486 1259 3552 amaveramus.
1287 3487 1321 3549 in
1335 3484 1469 3549 meatu
1486 3503 1588 3566 recep·

182 3609 234 3661 tus
261 3596 324 3658 Bas.
346 3617 372 3656 1.
386 3596 415 3667 l.
443 3594 557 3655 Fabric.
572 3615 597 3653 ι.
628 3592 710 3655 Vrat.
725 3597 753 3657 3.
779 3591 876 3653 Guell.
890 3593 919 3654 6.
939 3612 985 3654 ιι.
1014 3591 1176 3653 amictam
1190 3593 1286 3655 caten.
1315 3591 1360 3654 rei
1372 3589 1510 3653 mutuaris
1528 3609 1590 3649 om.

171 3702 286 3766 ·Guelf.
298 3701 327 3764 ὅ.
347 3703 399 3762 sad
415 3699 538 3781 imperii.
558 3699 609 3760 sed
622 3718 683 3764 om.
700 3696 797 3758 Guell.
810 3701 839 3761 3.
858 3697 967 3759 deinde
978 3695 1112 3781 Micipsa.
1132 3698 1204 3760 dein
1221 3697 1307 3765 Febr.
1327 3698 1413 3760 Rem.
1424 3717 1454 3760 a.
1472 3697 1553 3758 Vrat.
1565 3717 1592 3757 1.

183 3805 287 3869 Guell.
302 3827 328 3866 ι.
347 3806 514 3868 vetustiores
527 3803 615 3869 nivii.
635 3801 744 3863 dalaiae
764 3800 848 3863 Ram.
869 3823 895 3863 ι.
915 3801 1013 3870 Guell.
1037 3825 1062 3864 ι.
1078 3801 1199 3864 Memeh.
1213 3803 1280 3867 niv.
1308 3801 1512 3864 Mastanabale
1530 3798 1593 3860 Bas.

188 3935 220 3975 ι.
241 3909 338 3976 Guell'.
350 3931 377 3970 ι.
397 3909 500 3970 laidl.
514 3930 556 3969 m.
571 3928 603 3968 n.
625 3907 744 3974 Comm.
764 3907 832 3968 Nar.
854 3910 953 3973 Pale.
973 3908 1113 3973 Matha-
1132 3906 1387 3970 Manastabala...
1401 3906 1513 3970 bele...
1533 3904 1594 3966 bile

183 4018 285 4082 muri.
296 4013 675 4095 filirunMastanabalr'sfr.
695 4012 755 4074 hoc
765 4011 863 4074 ordin.
882 4012 945 4074 Bas.
959 4035 986 4074 ι.
998 4014 1028 4087 l.
1048 4013 1119 4076 Tur.
1138 4013 1296 4080 Bermrd.
1316 4011 1505 4075 Atherbalem
1521 4009 1594 4072 Feb·
1676 4056 1680 4062 <

174 4145 221 4185 ·1.
241 4121 303 4182 Bas.
322 4119 390 4192 ι.4.
409 4119 479 4182 vin.
503 4139 530 4180 a.
552 4119 604 4180 Aa.
622 4120 742 4182 Vmbr.
762 4117 860 4180 Gnell.
879 4141 906 4181 ι.
919 4140 947 4179 a.
963 4119 1032 4182 Μ.
1049 4118 1120 4180 Tur.
1138 4117 1265 4181 uerna.
1286 4115 1484 4181 Adherbalem
1502 4114 1601 4177 Gaell.

189 4249 223 4312 7.
237 4247 267 4310 9.
280 4246 327 4289 ιο.
342 4246 388 4288 ιι.
403 4224 502 4286 Hense.
523 4225 590 4287 Seu.
601 4244 628 4290 ι.
647 4224 728 4285 Vrat.
744 4243 773 4285 ι.
786 4222 815 4285 3.
836 4221 935 4286 Aure.
950 4227 997 4289 vel
1011 4221 1121 4291 Adora.
1138 4223 1200 4286 alii.
1226 4225 1348 4288 aonam.
1360 4232 1441 4288 arat·
1458 4228 1524 4288 aar
1540 4238 1603 4284 om.

191 4331 273 4395 hid.
286 4351 314 4393 a.
331 4351 357 4392 e.
376 4328 452 4410 pria.
470 4329 664 4412 dereliquerat
682 4327 745 4391 Bas.
761 4350 787 4392 ι.
803 4329 833 4402 l.
853 4329 975 4394 Laud.
988 4349 1054 4414 eg.
1065 4329 1120 4391 il.
1140 4329 1224 4393 bern.
1234 4351 1262 4393 ι.

1256 4434 1283 4496 s
