3850 4867
1529 295 1577 373 51

170 485 287 577 dum,
311 514 410 563 num
430 486 528 563 liber
541 484 761 562 subdititius
774 481 824 561 sit
838 509 889 559 an
907 482 1091 573 auctoris,
1119 482 1228 587 cnjus
1253 509 1395 561 nomen
1417 482 1577 590 inserip-

170 618 257 693 tum
276 588 349 693 est,
375 620 502 679 tamen
518 600 616 678 hoc
607 629 730 707 ipsum
746 601 950 705 dijudicari
969 626 1049 676 non
1065 616 1203 703 potest,
1227 601 1301 676 nisi
1312 602 1449 679 ceteris
1464 602 1578 679 disci-

168 718 288 823 plinis
319 718 510 794 adhibitis.
564 722 661 793 Nam
684 736 729 793 ut
752 718 988 815 Quintiliani
1014 717 1136 793 verbis
1159 734 1265 807 utar,
1295 718 1349 792 ita
1371 735 1463 793 sunt
1483 744 1575 794 con-

167 860 267 909 nexa
293 853 331 911 et
356 835 557 911 indiscreta
588 835 690 909 inter
721 859 759 907 se
785 833 938 923 omnia,
975 849 1021 906 ut
1047 832 1078 907 si
1112 833 1208 934 quid
1228 860 1273 907 ex
1305 831 1365 909 his
1395 833 1601 916 deluerit,'

167 949 310 1025 flustra
325 952 374 1025 sit
394 952 436 1026 in
459 950 589 1026 ceteris
611 951 838 1025 laboratum.
877 952 1019 1023 Versus
1041 948 1146 1022 enim
1159 950 1327 1034 censoria
1343 950 1490 1055 virgula
1510 970 1579 1025 no·

168 1083 250 1141 tare
272 1083 309 1142 et
331 1080 425 1142 totos
448 1068 582 1155 libros,
610 1083 808 1168 tamquam
829 1066 1066 1155 subdititios‚
1083 1065 1226 1140 familia
1249 1092 1416 1155 movere,
1442 1081 1579 1141 utam·

166 1182 367 1271 bitiosum,
399 1184 452 1257 ita
475 1182 728 1256 difficilimum
754 1198 823 1272 est,
850 1182 922 1255 nisi
950 1183 1035 1283 quis
1055 1181 1262 1255 maximam
1280 1208 1327 1255 ex
1345 1207 1389 1255 eo
1411 1182 1575 1285 percipit

120 1326 123 1334 ·
165 1298 421 1403 voluptatem,
439 1298 563 1401 quod,
580 1324 665 1399 quae
686 1298 763 1400 ipse
782 1297 947 1400 judicat,
971 1300 1022 1371 ab
1040 1298 1215 1373 omnium
1232 1298 1472 1402 persuasione
1485 1299 1575 1375 alie-

167 1414 322 1489 nissima
338 1431 438 1489 sunt.
474 1415 577 1487 Nova
598 1413 754 1514 quidem
774 1412 856 1486 haec
873 1412 958 1516 jure
979 1439 1048 1487 suo
1073 1414 1227 1504 dixeris,
1252 1416 1571 1516 nunquamenim

164 1530 469 1615 inveterascunt;
510 1528 656 1601 nemini
690 1528 794 1602 enim
818 1529 1042 1629 probantur.
1093 1530 1222 1625 Quam
1249 1531 1406 1632 quidem
1434 1531 1570 1634 judicii

164 1647 417 1721 temeritatem
434 1672 525 1719 cum
544 1643 610 1716 alii
631 1643 843 1746 scriptores,
859 1660 943 1718 tum
958 1645 1178 1745 nuperrime
1188 1646 1296 1719 Plato
1312 1664 1486 1749 expertus
1504 1665 1568 1725 est.

162 1761 239 1837 Sed
261 1778 367 1839 tanta
396 1762 450 1835 vis
473 1776 528 1835 est
549 1776 877 1862 argumentorum,
909 1784 996 1860 quae
1014 1761 1143 1864 magni
1168 1761 1228 1834 isti
1249 1761 1371 1835 critici
1396 1790 1418 1836 a
1440 1761 1567 1866 philo-

161 1876 298 1981 sophia
320 1891 516 1979 repetunt,
540 1891 603 1963 ut,
622 1900 708 1977 quae
730 1901 932 1977 nunquam
950 1874 1108 1965 fuerint,
1134 1876 1348 1978 probabilia
1364 1903 1439 1951 esse
1457 1877 1567 1953 doce-

161 2010 253 2087 ant;
277 2021 368 2066 nam
382 1990 548 2065 historiae
567 1990 723 2093 quidem
742 1990 954 2065 testimonia
973 1990 1113 2065 leviora
1131 2008 1239 2082 sunt,
1264 2017 1343 2095 prae
1360 2018 1421 2079 ea,
1447 2020 1565 2095 quam

158 2110 236 2212 ipsi
251 2108 496 2211 profitentur,
512 2106 707 2209 sapientia.
739 2106 810 2180 Sed
822 2107 992 2180 sobrium
1011 2123 1127 2209 atque
1141 2132 1279 2182 sanum
1294 2108 1483 2211 judicium
1503 2110 1564 2183 in·

158 2225 296 2327 primis
321 2224 362 2297 in
382 2240 530 2326 partem
560 2221 700 2295 laboris
719 2223 1005 2325 grammaticam
1023 2239 1151 2311 vocat,
1177 2251 1257 2297 non
1282 2225 1438 2326 quidem
1458 2252 1567 2316 eam,

158 2366 281 2443 quam
299 2338 561 2439 unusquisque
578 2337 722 2410 Latinis
742 2354 780 2411 et
799 2338 940 2412 Graecis
964 2337 1082 2412 literis
1094 2339 1158 2428 ,vel
1176 2340 1416 2415 mediocriter
1436 2340 1562 2415 imbu-

159 2470 241 2545 tus,
259 2454 449 2556 cognitam
467 2451 608 2528 habere
628 2452 699 2527 sibi
718 2452 891 2543 videtur,
914 2452 979 2527 sed
1004 2478 1102 2556 quae,
1123 2455 1197 2529 nisi
1217 2458 1374 2559 propria
1395 2456 1562 2561 singulo·

243 2720 280 2778 Et
296 2718 335 2778 11.
355 2741 379 2778 ι.
393 2720 421 2788 l.
444 2722 667 2799 (grammatica)
687 2722 809 2792 „tenuis
825 2741 842 2778 a
861 2722 957 2795 fonte,
978 2721 1112 2779 assumtis
1127 2732 1282 2800 poetarum
1299 2733 1328 2781 et
1345 2720 1555 2783 historicorum

237 2816 369 2891 viribus,
390 2819 479 2895 pleno
497 2825 557 2895 jam
575 2822 644 2877 satis
659 2821 742 2878 alveo
759 2816 846 2892 lluit,
866 2838 935 2875 cum
951 2829 1053 2896 praeter
1065 2818 1210 2876 rationem
1227 2829 1304 2877 recte
1324 2820 1479 2898 loquendi,
1492 2842 1556 2881 non
1612 2835 1614 2838 ·

240 2932 347 2993 parum
370 2915 506 2993 alioquin
526 2917 693 2995 copiosam,
716 2933 797 2993 paene
817 2915 953 2972 omnium
972 2914 1164 2971 maximarum
1181 2917 1290 2973 artium
1314 2918 1467 2976 scientiam
1488 2940 1555 2976 am-

239 3013 325 3091 plexa
345 3011 418 3069 sit.''
441 3010 574 3069 Lectioni
591 3031 693 3069 omnes
712 3013 841 3068 multum
860 3008 1015 3084 tribuunt,
1036 3011 1107 3089 quia
1124 3010 1204 3089 apud
1220 3013 1358 3092 antiquos
1374 3010 1435 3072 haec
1456 3014 1554 3072 studia

243 3108 335 3186 magis
352 3105 390 3161 ad
407 3107 608 3185 eloquentiam
623 3106 969 3184 spectabant'Nostrates
984 3125 1053 3164 rero
1072 3116 1188 3165 tantum
1204 3107 1295 3181 abest,
1311 3121 1344 3167 ut
1365 3106 1436 3167 huic
1455 3129 1552 3190 gram-

241 3204 343 3260 matici
365 3201 465 3261 ollieIo
490 3202 688 3276 satisfaciant,
714 3212 748 3259 ut
770 3203 927 3281 potius'in
949 3204 1083 3261 oratione
1109 3204 1233 3282 pedestri
1259 3204 1407 3289 recitanda
1435 3209 1550 3265 nullam

236 3299 410 3379 quantitatis
429 3300 574 3357 rationem
593 3296 738 3373 habeant,
758 3300 820 3357 imo
839 3300 936 3356 literas
953 3309 1045 3358 cett
1064 3312 1166 3359 contra
1182 3302 1349 3381 gravissima
1365 3304 1551 3382 antiquitatis

241 3396 409 3453 testimonia
425 3412 553 3473 peruerse
571 3390 776 3473 pronuntient.
804 3394 856 3453 clr.
882 3406 1017 3474 praeterea
1038 3396 1119 3475 apud
1141 3397 1259 3456 Sextum
1283 3396 1463 3477 Empiricum
1485 3400 1550 3461 adr.

239 3488 332 3553 Math.
350 3490 518 3551 Graecorum
539 3495 798 3574 grammaticorum
817 3492 921 3551 dehac
944 3494 1102 3573 disciplina
1117 3493 1230 3573 judicia
1249 3516 1313 3575 cap.
1306 3494 1355 3553 .5.
1377 3518 1444 3577 pag.
1460 3518 1506 3556 12.
1522 3511 1552 3557 et

241 3584 291 3657 ',16
313 3607 377 3666 cap.
393 3608 439 3646 12.
459 3610 525 3671 pag.
541 3602 593 3671 49.
613 3588 711 3672 (Edit.
725 3591 881 3649 Aureliana
894 3590 1059 3650 MDCXXI
1067 3589 1078 3667 )
1098 3590 1224 3649 Sextus'
1216 3612 1278 3670 rpse
1295 3592 1380 3672 (pag.
1399 3594 1455 3673 ι9)
1475 3606 1552 3656 recte

237 3684 377 3809 judipatp

283 3771 321 3853 ri
348 3772 382 3855 di
405 3772 547 3873 τεχνικδν
571 3780 630 3855 καὶ
639 3775 821 3903 irretiris
832 3784 890 3855 ani
913 3772 960 3857 roi
992 3785 1064 3880 mot
1088 3776 1229 3873 ποιήσεις
1252 3790 1312 3859 aci
1336 3780 1552 3913 remstede

257 3908 383 4000 τηςρ
340 3908 580 4007 γραμματικης
598 3878 683 4005 μέρη
708 3862 836 3968 aomar
869 3871 939 3972 ixa
965 3852 1164 3983 συμπλοκὴν
1193 3884 1252 3959 mi
1263 3879 1445 4012 ἀνάκρισιν
1469 3880 1551 3988 aede

256 3969 303 4050 roi
326 3977 444 4052 λοιπαί.
469 3978 531 4055 Kal
555 3971 624 4075 γιέρ
650 3979 745 4064 ἡτῶν
768 4010 863 4069 aean.
864 4012 904 4055 ων
923 3972 1167 4107 ἔνι’σιιεψις’
1132 4014 1165 4056 ιιι
1192 3981 1296 4106 ffel?
1318 3988 1375 4061 rai
1402 3993 1549 4079 τεχνικοῦ

257 4104 317 4148 ιιιιι
350 4078 507 4195 ἱστορικοῦ
542 4082 664 4171 γίνεται
674 4066 837 4200 μέρους,
878 4074 938 4154 nat
970 4071 1116 4181 ἑκάτεροι
1154 4081 1271 4159 τούτων
1302 4085 1338 4158 οὐ
1378 4082 1532 4179 δι’χιι
1493 4118 1548 4175 τις

258 4175 319 4248 adr
343 4160 460 4251 αλλων
484 4176 707 4273 παραπλοκης
732 4175 928 4268 συνέπινεν.

1026 4292 1051 4347 ’l‘
