3850 4867
1065 614 1110 667 ΙΝ

853 766 1324 841 SALUSTIUM

674 991 1489 1085 DECLAMATIO

1042 1191 1133 1240 oues

815 1316 1057 1377 ctctuottl
1097 1314 1372 1375 Tumultus.

492 1597 547 1667 En
568 1595 722 1669 demum
743 1618 879 1697 magna
908 1592 1081 1696 voluptas
1101 1608 1172 1682 est,
1198 1591 1328 1695 Crispe
1347 1590 1507 1681 salusti,
1541 1590 1726 1694 {equalem
1745 1612 1785 1660 ac

273 1739 274 1747 ¹
396 1740 527 1817 parem
547 1720 668 1793 verbis
687 1720 805 1792 vitam
829 1744 951 1821 agere,
979 1742 1104 1819 neque
1129 1716 1336 1818 quicquam
1363 1731 1442 1789 tam
1466 1712 1788 1789 obscenumdice

398 1864 455 1928 re,
480 1842 543 1914 cui
563 1868 642 1916 non
663 1842 711 1915 ab
734 1842 843 1914 initio
868 1840 1042 1945 pueritioe
1061 1840 1166 1914 omni
1188 1864 1324 1943 genere
1344 1837 1523 1912 facinoris
1541 1852 1629 1911 aetas
1649 1852 1715 1910 tua
1735 1856 1789 1907 re·

398 1963 595 2064 spondeat,
620 1981 665 2037 ut
694 1965 816 2037 omnis
844 1963 966 2047 oratio
989 1963 1159 2038 moribus
1183 1977 1371 2036 consonet
1419 1963 1549 2063 Neque
1578 1961 1703 2050 enim,
1725 1954 1788 2060 qui

399 2086 451 2158 ita
469 2087 579 2176 vivit,
605 2087 663 2161 uti
688 2103 748 2176 tu,
773 2086 902 2176 aliter,
927 2114 972 2161 ac
992 2103 1052 2176 tu,
1077 2085 1185 2188 loqui
1207 2099 1350 2188 potest:
1377 2109 1519 2186 neque,
1545 2081 1614 2185 qui
1635 2100 1713 2157 tam
1735 2080 1788 2153 in·

400 2208 479 2282 loto
500 2234 673 2283 sermone
698 2211 842 2298 utitur,
867 2209 943 2284 vita
968 2206 1163 2283 honestior
1184 2223 1246 2283 est
1293 2207 1385 2304 Quo
1408 2233 1469 2281 me
1486 2222 1646 2295 vertam,
1669 2208 1788 2280 Pane

400 2332 628 2434 conscripti?
654 2331 758 2407 unde
777 2331 933 2406 initium
949 2333 1120 2406 sumam?
1146 2329 1269 2405 maius
1289 2330 1395 2405 enim
1412 2328 1511 2404 mihi
1527 2329 1678 2407 dicendi
1699 2350 1790 2403 onus

402 2453 629 2556 imponitur,
653 2480 732 2555 quo
753 2454 881 2529 notior
897 2468 951 2530 est
969 2470 1132 2556 uterque
1152 2469 1333 2529 nostrum
1374 2453 1491 2554 Quod
1511 2469 1579 2529 aut
1600 2454 1633 2528 si
1651 2453 1788 2529 demea
1874 2449 1875 2458 '

404 2576 479 2649 vita
502 2592 618 2677 atque
639 2576 786 2654 actibus
806 2575 899 2651 huic
926 2575 1174 2651 conviciatori
1200 2574 1449 2678 respondero,
1474 2576 1620 2653 invidia
1636 2576 1787 2683 gloriam

404 2714 682 2799 consequatur:
708 2714 793 2788 aut,
817 2698 848 2773 si
861 2696 978 2775 huius
996 2699 1095 2774 sacta
1108 2756 1119 2790 ,
1131 2722 1270 2787 mores,
1294 2725 1448 2774 omnem
1463 2714 1614 2777 aetatem
1632 2701 1790 2778 nudave-

408 2846 469 2907 ro,
496 2820 537 2893 in
560 2820 660 2895 idem
684 2822 821 2896 vitium
842 2820 1012 2895 incidam
1033 2821 1291 2925 procacitatis,
1317 2821 1422 2924 quod
1449 2819 1545 2898 huic
1565 2824 1709 2901 obiicio.
1749 2818 1789 2896 Id

407 2968 494 3032 ros,
516 2944 546 3017 si
565 2942 661 3018 sorte
684 2944 938 3034 offendimini,
965 2943 1099 3018 iustius
1123 2940 1216 3018 huic
1244 2970 1363 3045 quam
1387 2942 1485 3019 mihi
1503 2972 1718 3025 succensere
1732 2946 1788 3022 de·

407 3066 520 3155 betis,
555 3067 625 3169 qui
646 3066 803 3140 initium
822 3064 1044 3139 introduxit
1089 3064 1169 3167 Ego
1191 3064 1289 3139 daho
1318 3093 1489 3172 operam,
1513 3087 1560 3146 ut
1580 3088 1620 3148 et
1641 3100 1710 3179 pro
1735 3093 1788 3145 me

407 3191 568 3265 minimo
591 3217 679 3264 cum
702 3189 852 3264 fastidio
871 3187 1139 3291 respondeam,
1163 3188 1262 3263 etin
1283 3187 1390 3265 hunc
1410 3192 1570 3270 minime
1596 3198 1787 3274 mentitum

407 3340 481 3387 esse
513 3314 694 3387 videntur.
742 3312 826 3386 Scio
851 3338 929 3400 me,
954 3314 1081 3385 Patres
1106 3311 1329 3415 conscripti,
1357 3314 1398 3387 in
1425 3319 1687 3421 respondendo
1717 3345 1786 3397 non

409 3435 546 3509 habere
576 3462 754 3539 magnam
787 3434 1130 3537 exspectationem,
1167 3434 1271 3537 quod
1301 3436 1456 3512 nullum
1486 3466 1550 3516 vos
1578 3445 1701 3521 sciatis
1727 3468 1785 3521 no·

406 3585 498 3631 vum
522 3560 666 3633 crimen
690 3559 731 3633 in
754 3558 960 3633 Salustium
985 3555 1203 3648 audituros,
1234 3558 1298 3635 sed
1328 3560 1457 3636 omnia
1483 3580 1609 3643 vetera
1631 3566 1784 3676 recogni-

489 3778 561 3859 Cop.
581 3801 605 3839 ι.
627 3778 757 3839 inomni
767 3798 872 3859 genere
887 3777 1026 3842 Oudcud.
1047 3780 1126 3855 quod
1140 3788 1238 3839 autem
1252 3778 1279 3839 si
1297 3778 1347 3840 Ac.
1368 3786 1448 3861 quod
1461 3794 1514 3846 cut
1526 3785 1552 3847 ti
1568 3788 1630 3850 inc.
1642 3788 1703 3851 Bes
1721 3810 1784 3854 eom

404 3892 540 3961 sequetur
559 3882 609 3944 iic.
630 3882 714 3947 Rem.
734 3881 796 3941 Bas.
817 3890 1006 3959 consequetur
1025 3883 1123 3942 ceteri.
1152 3880 1187 3942 t'd
1201 3882 1227 3942 si
1238 3886 1381 3961 versoria
1400 3886 1462 3949 Bes.
1491 3890 1618 3955 άώσαίῐε
1636 3894 1696 3957 Bes.
1712 3894 1782 3959 tait.

399 4010 426 4050 c.
446 3986 565 4049 minime
582 3987 735 4047 mentitum
750 4004 806 4046 esse
819 3986 851 4045 vi
861 3986 965 4044 ίιαιειν.
986 3984 1064 4045 Gud.
1075 3985 1137 4045 Bas
1157 3986 1312 4047 mentitum
1335 4010 1393 4051 esse
1408 3992 1513 4055 videor
1531 3995 1583 4058 Ac.
1602 3998 1683 4063 Leid.
1694 4025 1719 4063 r.
1733 4022 1782 4065 no-

402 4103 471 4153 stro
487 4101 516 4151 et
530 4092 615 4173 ipsiu
629 4092 690 4152 iem
707 4111 790 4151 aures
804 4091 899 4157 colem
919 4088 970 4148 Ac.
992 4088 1025 4149 in
1039 4089 1167 4151 minimis
1178 4091 1236 4151 rub.
1256 4090 1308 4153 Ac.
1327 4091 1408 4161 leid.
1421 4118 1448 4157 c.
1469 4100 1561 4161 aliem
1575 4102 1614 4163 P.
1631 4103 1667 4167 C.
1681 4127 1738 4169 uon
1750 4127 1781 4168 cc
1868 4083 1874 4124 ³

403 4208 479 4259 orat.
500 4217 601 4259 omnes
615 4198 672 4257 fere
686 4194 763 4256 libri.
783 4194 866 4255 illum
881 4193 1048 4275 legendum.
1074 4214 1162 4273 qaum
1180 4216 1319 4261 maxume
1341 4210 1465 4282 potuero
1483 4204 1546 4269 Bas.
1565 4208 1647 4274 [eid.
1660 4234 1688 4277 c,
1711 4214 1779 4279 breve
