3850 4867
393 301 464 374 130

389 476 503 556 noxie
522 493 637 580 atque
654 501 701 552 eo
718 475 906 582 perculso,
922 475 1039 554 modo
1056 501 1126 582 per
1142 477 1259 554 socios
1275 502 1319 552 ec
1344 503 1484 554 nomen
1499 479 1697 568 Latinum,
1719 475 1783 560 in«,

390 600 541 678 terdum
563 627 634 705 per
650 601 795 704 equites
811 603 1013 690 Romanos,
1032 626 1128 704 qnos
1148 626 1231 706 spes
1250 601 1434 678 societatis
1450 630 1471 678 a
1486 603 1597 708 plebe
1617 603 1781 677 dimove·

388 740 463 816 rat,
490 723 756 799 Gracchorum
779 725 995 800 actionibus
1024 725 1175 801 obviam
1207 724 1321 800 ierat:
1343 740 1381 802 et
1404 727 1531 830 primo
1559 723 1781 814 Tiberium,

388 847 478 922 dein
509 873 649 951 paucos
670 863 755 951 post
775 874 896 924 annos
928 847 1059 926 eadem
1085 846 1359 952 ingredientem
1386 849 1541 940 Caium,
1563 849 1781 924 Tribunum

388 969 567 1061 alterum,
587 972 752 1050 alterum
771 972 1032 1048 Triumvirum
1052 971 1210 1048 coloniis
1240 971 1484 1064 deducendis,
1510 1001 1600 1050 cum
1621 972 1670 1046 M.
1689 971 1721 1044 F
1724 969 1783 1044 ul-

386 1093 449 1170 vio
468 1093 605 1170 Flacco
628 1095 729 1172 ferro
752 1111 959 1172 necaverat
1009 1098 1060 1171 Et
1082 1122 1173 1172 sane
1196 1095 1379 1172 Gracchis
1405 1097 1588 1202 cupidine
1615 1093 1782 1172 victorio}

386 1214 493 1293 houd
509 1218 598 1293 satis
606 1219 822 1294 moderatus
838 1218 989 1294 unimus
1005 1217 1088 1294 suit.
1122 1218 1193 1294 Sed
1208 1221 1312 1295 ,bono
1328 1220 1429 1296 rinei
1446 1221 1561 1296 satius
1577 1235 1645 1308 est,
1663 1244 1782 1322 quam

386 1339 488 1415 malo
518 1367 623 1417 more
642 1342 825 1416 iniuriam
844 1343 1003 1420 vincere.
1054 1342 1176 1448 Igitur
1195 1369 1238 1418 ea
1265 1343 1422 1420 victoria
1449 1344 1627 1418 nobilitas
1648 1368 1693 1418 ex
1723 1340 1783 1414 lu-

387 1463 520 1540 bidine
546 1490 613 1539 sua
636 1491 726 1556 use,
759 1467 900 1542 multos
926 1465 1096 1540 mortalis
1120 1465 1220 1542 ferro
1247 1483 1315 1542 out
1334 1466 1424 1572 suga
1453 1466 1649 1550 exstinxit,
1680 1463 1785 1568 plus·

386 1613 463 1689 que
494 1587 536 1662 in
560 1589 753 1692 reliquum
778 1590 850 1664 sibi
879 1589 1025 1664 timoris
1048 1616 1165 1689 quem
1192 1591 1372 1693 potentiae
1402 1590 1559 1668 addidit
1609 1590 1705 1686 Quae
1727 1611 1783 1661 res

385 1710 612 1814 plerumque
624 1737 778 1817 magnas
798 1713 968 1788 civitates
983 1738 1131 1816 pessum
1146 1711 1271 1790 dedit:
1299 1714 1394 1790 dum
1410 1713 1520 1790 elteri
1542 1711 1677 1788 alteros
1695 1710 1781 1784 rin-

386 1859 469 1910 cere
489 1834 622 1936 quovis
641 1835 756 1910 modo
776 1851 816 1910 et
830 1835 946 1910 rictos
959 1835 1129 1912 acerbius
1150 1835 1280 1912 ulcisci
1299 1836 1444 1914 volunt.
1493 1836 1565 1912 Sed
1583 1836 1632 1912 de
1645 1832 1781 1908 studiis

385 1958 554 2060 partium
563 1974 601 2034 et
611 1959 733 2047 omnis
744 1958 905 2035 civitatis
922 1959 1091 2036 moribus
1102 1960 1132 2035 si
1145 1959 1364 2065 singulatim
1377 1977 1446 2036 eut
1461 1986 1533 2064 pro
1548 1954 1781 2062 magnitudi-

385 2109 434 2158 ne
445 2109 577 2187 parem
589 2082 783 2171 disserere,
793 2098 940 2186 tempus
950 2109 1068 2186 quem
1080 2109 1135 2158 rm
1145 2084 1331 2158 maturius
1344 2110 1403 2158 me
1416 2082 1567 2158 deseret
1585 2077 1783 2176 Quamob-
1846 2089 1849 2092 ’

337 2217 465 2290 Δὸιιιιιι
478 2207 528 2282 ad
537 2207 733 2311 inceptum
744 2206 865 2282 redeo.
892 2210 978 2282 Post
988 2207 1075 2280 Auli
1087 2207 1211 2284 fredus
1235 2206 1494 2309 exercitusque
1505 2203 1624 2280 nostri
1637 2200 1781 2276 soedam

385 2329 532 2436 sugam,
552 2331 727 2404 Metellus
745 2345 784 2404 et
807 2329 958 2404 Silanus
974 2330 1151 2404 Consules
1171 2329 1375 2434 designati,
1393 2327 1606 2434 provincias
1629 2326 1780 2426 interse
1901 2324 1902 2331 ’

326 2441 330 2450 ’
384 2454 641 2557 pertireront:
673 2453 902 2554 Metelloque
928 2451 1108 2528 Numidia
1132 2469 1320 2545 evenerat,
1343 2454 1421 2528 aori
1448 2451 1549 2543 viro,
1574 2463 1612 2525 ct
1645 2473 1779 2552 quom-

386 2601 503 2676 quam
527 2575 682 2650 advorso
705 2575 840 2677 populi
857 2575 1046 2677 partium,
1066 2574 1166 2658 same
1184 2591 1311 2652 temen
1333 2575 1511 2680 aequnbili
1528 2590 1567 2651 et
1586 2571 1777 2650 inviolato.

383 2793 499 2854 addunt
511 2798 598 2875 pauci
617 2794 695 2868 libri,
709 2798 788 2878 iique
804 2795 972 2870 deteriores,
993 2795 1074 2856 Leid.
1086 2794 1157 2878 gb.
1178 2795 1263 2857 born.
1277 2819 1301 2861 ι.
1322 2796 1547 2858 colonisdcibre.
1568 2794 1651 2856 Febr.
1662 2815 1690 2856 ι.
1710 2793 1777 2854 Ere.

383 2901 480 2959 Senot.
493 2921 521 2960 2.
540 2899 637 2972 Bessi.
658 2910 832 2962 necaverunt
851 2901 949 2960 Guell.
963 2923 986 2964 1.
1009 2899 1093 2960 Poris.
1106 2901 1136 2959 d.
1156 2901 1224 2960 Tur.
1241 2921 1282 2962 m.
1295 2923 1350 2962 sec.
1371 2902 1453 2962 houd
1466 2903 1536 2962 rutis
1550 2921 1579 2962 α.
1592 2901 1672 2978 rufi
1693 2897 1778 2960 Febr.

386 3027 410 3065 ι.
425 3006 517 3066 etalii
532 3017 657 3086 quotuor
677 3027 711 3066 ex
727 3005 809 3064 Cort
836 3003 905 3085 Teg.
924 3003 1021 3064 Turio.
1052 3003 1148 3064 omnib
1161 3003 1214 3066 cie.
1231 3005 1335 3067 morib.
1356 3005 1491 3068 culte.
1511 3005 1573 3066 Βιι.
1591 3027 1616 3070 ι.
1635 3005 1732 3069 Senat.
1752 3023 1777 3060 ι.

383 3133 423 3177 ιιι.
444 3131 490 3192 pr.
510 3113 621 3179 Leidl.
643 3129 689 3170 me
703 3112 844 3170 deremet
864 3109 924 3168 Bes.
940 3129 966 3169 ι.
985 3107 1080 3169 Struv.
1099 3111 1158 3168 inc.
1173 3131 1199 3170 ι.
1219 3110 1316 3170 Guell.
1336 3131 1380 3171 ιι.
1400 3130 1445 3171 ιι.
1471 3109 1552 3170 leid.
1568 3108 1598 3169 b.
1612 3109 1642 3170 d.
1654 3129 1687 3170 ιι.
1706 3107 1775 3189 Teg.

381 3217 464 3282 Bern.
481 3237 506 3276 ι.
535 3237 581 3278 me
601 3220 710 3278 decret
728 3213 812 3274 Febr.
832 3215 928 3273 Sonat.
946 3235 972 3272 ι.
998 3213 1098 3274 Vinor.
1110 3233 1138 3272 n.
1166 3214 1280 3276 incest..
1294 3235 1321 3274 ι.
1343 3213 1439 3275 Guell.
1452 3235 1479 3274 ι.
1491 3214 1520 3280 5.
1548 3214 1629 3274 Leid.
1640 3235 1702 3274 ee.
1715 3215 1735 3272 s.
1746 3235 1775 3294 g.

380 3325 400 3381 i.
414 3325 441 3383 lr.
453 3329 474 3384 l.
497 3325 556 3385 Erl.
575 3323 660 3383 Beru.
674 3321 704 3384 ὅ.
725 3320 894 3379 medereret
914 3315 1002 3376 tud.
1022 3315 1091 3381 Tur.
1113 3339 1153 3378 m.
1170 3337 1226 3380 sec.
1253 3339 1370 3380 mecm.
1383 3320 1495 3400 aliquot
1510 3317 1675 3381 lliriilibn'.
1695 3317 1774 3378 Leid.

380 3428 497 3488 e.h.m

463 3551 535 3635 Cap.
551 3553 599 3625 43.
618 3553 689 3612 Post
703 3547 805 3610 Albini
810 3551 920 3627 foedus
941 3561 995 3608 tres
1012 3551 1144 3610 meliores
1156 3549 1282 3612 Gruteri.
1309 3553 1376 3616 Seu.
1389 3573 1416 3610 1.
1437 3549 1535 3612 Gnell.
1549 3571 1575 3612 s.
1598 3573 1637 3612 m.
1649 3571 1697 3631 pr.
1718 3553 1772 3612 Fa-

380 3657 453 3720 bric.
469 3679 493 3722 1.
515 3678 618 3722 mser.
643 3657 680 3734 0.
691 3654 822 3714 Metellus
837 3663 864 3713 et
878 3653 921 3711 Μ.
936 3651 1055 3715 Silanus
1080 3653 1147 3714 vin.
1162 3673 1188 3714 2.
1215 3655 1318 3720 Franc.
1344 3655 1439 3715 Guell.
1457 3675 1501 3716 ιο.
1528 3656 1607 3716 Leid.
1620 3679 1649 3738 g.
1660 3677 1702 3716 m.
1723 3677 1772 3718 ce·

380 3765 434 3824 teri
449 3764 510 3822 sine
524 3762 713 3844 prenomine.
733 3757 850 3818 Metello
868 3755 959 3816 Num.
982 3755 1065 3817 Bem.
1083 3761 1110 3820 ὅ.
1127 3758 1309 3838 porticorum
1330 3759 1443 3820 Cledon
1464 3761 1550 3842 1916.
1570 3761 1647 3820 Edit.
1658 3759 1770 3821 Pulseb.

378 3867 457 3930 Serv.
466 3867 503 3927 od
513 3866 583 3926 lien.
596 3887 621 3926 1.
635 3863 701 3945 ¹94·
714 3864 900 3925 confirmant.
911 3861 1065 3920 obvenerat
1077 3861 1222 3922 deterioris
1232 3875 1307 3922 note
1316 3861 1393 3952 libri.
1404 3865 1524 3925 adverso
1532 3865 1768 3946 populipertium

379 3973 421 4032 ita
432 3974 537 4053 optimi
554 3969 620 4031 libri
641 3970 758 4029 Corum.
777 3967 846 4028 Nar.
867 3963 951 4027 Febr.
968 3985 993 4026 ι.
1013 3965 1075 4026 Βιι.
1089 3987 1115 4026 ι.
1136 3969 1278 4028 accedunt
1298 3967 1380 4028 Rem.
1400 3967 1468 4029 vin.
1480 3989 1506 4030 ι.
1526 3972 1620 4035 Struv.
1641 3969 1725 4031 Bern.
1740 3973 1767 4034 3.

376 4076 471 4138 Turic.
491 4076 600 4153 Frauc.
612 4074 768 4136 Vultud.
789 4073 886 4136 Guell.
897 4091 924 4136 ι.
935 4071 966 4144 Δ.
976 4093 1003 4154 7.
1014 4091 1044 4152 9.
1059 4090 1105 4130 ιο.
1125 4091 1226 4132 omnes
1239 4073 1320 4132 Leid.
1340 4074 1477 4134 adversus
1496 4073 1591 4141 Guell.
1606 4097 1630 4134 ι.
1651 4076 1720 4138 Vin.
1739 4097 1764 4134 1.

369 4179 487 4247 fabric.
499 4201 526 4242 ι.
546 4181 605 4240 inc.
618 4200 644 4241 ι.
665 4177 767 4240 milites
781 4177 817 4239 el.
835 4175 1128 4256 praecribitur.
1153 4173 1222 4243 Tur.
1248 4175 1352 4238 militer
1378 4177 1481 4259 eligere
1497 4179 1621 4242 seribere
1637 4179 1760 4264 plurimi
