3850 4867
415 311 491 385 216

411 504 552 565 cuncta
577 494 715 564 'scaevus
743 487 810 563 istc
832 484 1036 575 Romtdus,
1059 481 1170 589 quasi
1191 482 1560 591 abcxtemisrapta,
1586 497 1713 574 tanet,
1738 506 1826 559 non

414 628 472 689 tot
505 613 741 689 exercituum
768 610 898 697 clade,
923 636 1049 712 neque
1071 611 1276 686 consulum
1309 628 1348 686 et
1372 611 1537 687 aliorum
1568 610 1823 714 principum,

412 762 507 841 quos
540 736 697 812 fortuna
731 731 825 809 belli
853 750 1165 836 consumpserat,
1189 732 1346 809 satiatus
1360 733 1457 827 ;.sed
1481 751 1565 810 tum
1594 732 1822 817 crudelior,

412 888 536 965 quum
566 859 766 963 plerosque
798 855 974 933 secundae
1009 883 1067 931 res
1108 857 1150 931 in
1179 858 1459 933 miserationem
1486 886 1532 932 ex
1560 858 1616 932 ira
1644 870 1821 931 vortunt

413 983 523 1081 Quin
543 982 644 1057 solus
658 981 853 1068 omnium,
879 996 965 1083 post
980 983 1204 1055 memoriam
1224 980 1444 1070 hominum,
1463 982 1655 1086 supplicia
1678 981 1728 1055 iu
1743 992 1825 1083 post
1870 1027 1872 1066 ,

411 1106 561 1183 futuros
591 1104 836 1209 composuit:
873 1102 959 1205 quis
990 1105 1097 1207 prius
1127 1104 1273 1193 ,iniuria
1306 1132 1424 1208 quam
1459 1105 1536 1181 rita
1562 1121 1665 1181 certa
1697 1118 1821 1181 esset:

412 1231 719 1336 pravissumeque
744 1255 812 1331 per
832 1226 982 1301 sceleris
1006 1227 1285 1304 immanitatem
1316 1226 1448 1305 adhuc
1466 1243 1572 1303 tutus
1595 1228 1705 1323 fuit3
1730 1227 1821 1302 dum
1870 1203 1872 1260 l

411 1381 493 1444 vos,
506 1370 612 1429 metu
627 1352 806 1456 gravioris
819 1350 978 1441 servitii,
998 1377 1020 1423 a
1039 1352 1250 1453 repetunda
1267 1352 1441 1428 libertate
1453 1353 1657 1427 terremini.
1699 1355 1822 1456 Ageu·
1870 1433 1872 1448 ¹

411 1479 507 1554 dum
523 1494 638 1578 atque
659 1474 811 1550 obviam
834 1472 1008 1548 eundum
1038 1488 1109 1561 cst,
1136 1474 1322 1570 Quirites,
1338 1502 1389 1551 ne
1411 1476 1533 1580 spolia
1557 1494 1677 1561 vestm
1707 1501 1819 1581 penes

411 1596 497 1677 illos
511 1600 620 1675 sint:
657 1625 737 1673 non
768 1593 1042 1700 prolatandum
1080 1622 1206 1698 neque
1239 1598 1335 1672 votis
1360 1598 1533 1702 paranda
1556 1602 1725 1695 auxilia3
1751 1600 1819 1673 nisi

409 1724 508 1799 forte
526 1722 697 1828 speratis,
725 1720 884 1798 taedium
898 1720 977 1795 iam
995 1735 1065 1796 aut
1084 1720 1272 1823 pudorem
1292 1723 1506 1824 tyrannidis
1525 1725 1639 1800 Sullae
1664 1751 1762 1814 esse,
1781 1740 1816 1798 et

410 1872 500 1924 eum
514 1872 584 1951 per
600 1845 720 1921 scelus
736 1858 921 1947 occupata
938 1841 1187 1946 periculosius
1209 1842 1465 1921 dimissurum.
1513 1852 1563 1923 At
1575 1849 1647 1925 ‘ille
1665 1875 1714 1926 co
1731 1874 1815 1957 pro·

407 1972 534 2061 cessit,
560 1970 618 2045 uti
637 1966 738 2045 nibil
753 1966 980 2069 gloriosum,
1005 1966 1080 2041 nisi
1099 1981 1249 2058 tutum,
1274 1985 1311 2043 et
1326 1969 1455 2044 omnia
1472 1972 1684 2048 retinendo,²
1698 1970 1816 2049 domi·

411 2092 578 2171 nationis
594 2090 761 2165 'honesta
782 2103 962 2165 aestumet.
1013 2092 1148 2193 ltaque
1168 2091 1235 2166 illa
1259 2094 1365 2194 quies
1386 2110 1425 2169 et
1437 2094 1570 2171 otium
1591 2124 1684 2185 cum
1702 2098 1813 2171 liber·

407 2234 502 2308 tate,
521 2242 607 2320 quae
624 2212 739 2290 multi
757 2213 869 2315 probi
886 2213 1014 2315 potius
1033 2215 1336 2317 quam'laborem
1353 2243 1444 2293 cum
1461 2217 1675 2299 honoribus
1694 2244 1812 2324 capes·

411 2343 568 2430 rebant,
594 2337 703 2453 nulla
724 2350 824 2411 sunt
875 2336 958 2411 Huc
985 2354 1202 2440 tempestate
1226 2342 1475 2420 serviundum
1499 2358 1568 2419 aut
1588 2346 1810 2449 ‘imperitan-

412 2463 538 2541 dum:
575 2458 775 2578 habendus
803 2472 925 2535 metus
954 2476 1009 2534 cst
1033 2477 1102 2536 aut
1119 2462 1340 2556 faciundas,
1362 2466 1538 2564 Quirites
1585 2470 1705 2561 Nam,
1723 2466 1811 2571 quid

412 2588 544 2662 ultrei
569 2609 699 2687 quaeve
722 2581 894 2658 bumana
914 2601 1118 2687 superant,
1139 2602 1208 2662 aut
1227 2588 1357 2664 divina
1382 2589 1584 2695 impolluta
1602 2597 1725 2670 sunt?
1747 2618 1807 2696 pc

411 2709 527 2814 pulus
540 2710 744 2795 Romanus,
766 2705 899 2810 paullo
918 2721 1008 2783 ante
1022 2709 1195 2812 gentium
1212 2712 1448 2806 moderator,
1472 2732 1622 2792 cxsutus
1643 2716 1807 2823 imperio,
1870 2759 1872 2798 t

411 2833 551 2938 gloria,
577 2832 681 2921 iure,
706 2829 876 2935 agitandi
897 2830 1007 2935 inops
1027 2832 1316 2939 despectusque,
1340 2839 1559 2915 neservilia
1574 2839 1806 2945 quidemali·

412 2972 540 3033 menta
561 2954 708 3058 reliqua
725 2953 850 3029 habet.
899 2954 1096 3031 Sociorum
1120 2974 1159 3033 et
1178 2960 1278 3033 Latii
1301 2987 1438 3066 magna
1453 2962 1530 3053 ris,
1554 2966 1722 3055 civitate,
1741 2989 1804 3069 pro
1870 2935 1872 3004 l

412 3081 543 3158 multis
571 3094 610 3154 et
629 3078 782 3183 egregiis
794 3076 909 3152 ¹iactis
939 3102 961 3152 a
984 3078 1090 3153 vobis
1107 3078 1215 3171 data,
1239 3108 1309 3186 per
1326 3110 1453 3159 unum
1468 3085 1750 3189 -pmhibentum
1773 3102 1804 3163 et
1870 3109 1872 3204 p

314 3201 323 3217 '
413 3204 720 3311 plebis'innoxiae
739 3201 880 3305 patrias
895 3199 998 3275 sedes
1022 3209 1373 3310 occuparerepauci
1388 3209 1586 3304 satellites,
1603 3214 1799 3292 mercedem
1870 3285 1872 3336 p

413 3330 606 3405 scelerum.
631 3329 761 3437 Leges,
781 3322 943 3414 iudicia,
969 3324 1166 3416 aerarium,
1180 3330 1527 3439 provinciae,¹regoe
1551 3364 1664 3441 pen&
1679 3363 1800 3423 unum,
1870 3375 1871 3396 i

414 3450 580 3553 denique
612 3448 714 3526 necis
749 3445 892 3523 civium
923 3462 962 3523 ct
988 3449 1075 3525 vitae
1109 3449 1272 3530 licentia.
1317 3456 1440 3533 Simul
1469 3457 1658 3541 humanas
1670 3460 1798 3543 bostias

412 3635 564 3713 l’uttchius
579 3650 689 3713 laudat.
718 3648 770 3729 qui
785 3648 998 3711 dominationi&
1017 3669 1076 3711 mc
1094 3650 1187 3711 Vatis.
1208 3650 1293 3717 Fabr.
1306 3657 1389 3721 'Briu
1415 3666 1547 3725 merum
1566 3668 1639 3728 olim
1655 3666 1793 3753 legebatur·
1870 3645 1872 3758 l

408 3756 553 3839 tiberim
564 3751 662 3816 Ciacc.
682 3772 789 3816 scoemu
803 3754 855 3814 iste
869 3754 907 3814 tt.
928 3754 1026 3815 Vatic.
1046 3755 1126 3819 Serr-
1144 3756 1225 3839 virg.
1237 3757 1339 3844 Eclog.
1351 3761 1370 3824 3
1378 3804 1390 3839 ,
1406 3766 1452 3829 ιδ.
1462 3768 1608 3833 sedetiam
1620 3796 1668 3857 sp.
1678 3773 1789 3835 serrium

416 3863 502 3925 multi
519 3858 588 3919 libri
601 3878 691 3919 soevtts
707 3856 853 3919 exhibent.
881 3857 1136 3921 consulum'l'ctic.
1158 3856 1238 3921 Coss.
1252 3862 1337 3925 Fabr.
1354 3867 1429 3930 Bric.
1450 3881 1527 3935 ustus
1533 3876 1600 3953 fuit
1618 3898 1717 3940 omncs
1726 3872 1790 3937 libri

405 3965 489 4045 furit
503 3963 606 4023 Carrio
625 3962 800 4025 emendavit.
818 3959 877 4041 Ag.
889 3992 908 4008 -
920 3968 971 4021 ott.
991 3959 1099 4022 Donat.
1119 3962 1160 4024 ad
1171 3962 1263 4025 Andr.
1288 3988 1322 4043 ι,
1343 3971 1379 4044 5,
1400 3994 1447 4034 no.
1463 3998 1552 4058 pones
1572 3981 1638 4043 illos
1655 3987 1693 4045 iu
1707 3994 1788 4043 omutt

414 4070 493 4131 libri.
511 4087 564 4147 per
573 4067 643 4127 tud.
659 4086 713 4147 per
733 4086 793 4127 om.
803 4064 887 4127 Fnbr.
900 4062 974 4128 Bric.
992 4064 1085 4127 vatic.
1103 4069 1276 4150 lyranttidb
1288 4070 1378 4137 Sutia
1388 4098 1445 4141 estc
1462 4083 1504 4143 ita
1520 4084 1603 4147 Fabr.
1624 4088 1695 4157 Bric.
1711 4084 1786 4149 tutte

414 4182 443 4237 ct
457 4172 629 4236 uuttVntic.
650 4170 773 4231 honusta
787 4176 914 4233 oestuottt
923 4188 1026 4231 omues
1038 4170 1117 4235 libri.
1136 4172 1277 4255 artandi
1289 4178 1373 4264 inops
1389 4186 1430 4247 ita
1444 4186 1536 4252 Vatic.
1552 4202 1581 4251 ct
1595 4190 1684 4257 Gom.
1696 4192 1781 4255 unns
