3850 4867
409 275 480 370 176

403 478 484 528 nou
503 452 650 555 placuit
672 453 850 528 reticere:
878 478 926 526 ne
953 451 1039 554 quis
1054 451 1273 528 modestiam
1290 453 1332 526 in
1348 450 1615 528 conscientiam
1634 448 1790 524 duceret.

401 575 499 658 Nam
519 604 581 652 me
591 577 748 680 quidem
760 605 807 650 cx
824 575 943 648 animi
958 576 1032 650 mci
1043 577 1228 652 sententia
1247 577 1355 650 nulla
1374 576 1494 650 oratio
1510 574 1643 648 laedere
1659 587 1793 676 potest3

385 701 546 805 ,quippe
568 727 655 777 rera
673 725 817 774 necesse
832 716 887 772 est
906 699 1004 772 bene
1025 699 1226 801 praedicet3
1249 699 1383 774 salsam
1409 700 1484 774 vita
1507 722 1703 798 moresque
1723 695 1792 770 mei

399 839 589 926 superant
648 823 720 898 Sed
751 821 936 922 quoniam
973 838 1092 894 vestra
1122 821 1279 898 consilia
1309 838 1565 909 accusantur,
1600 819 1669 922 qui
1701 817 1794 894 mihi

399 971 593 1024 summum
627 943 814 1020 bonorem
844 962 883 1018 et
914 971 1138 1018 maxumum
1172 944 1367 1048 negotium
1399 943 1650 1048 imposuistis:
1684 944 1795 1018 etiam

399 1086 517 1174 atque
533 1070 652 1159 etiam
664 1084 856 1172 reputate,
880 1093 978 1146 num
996 1093 1128 1142 eorum
1145 1067 1420 1172 poenitundum
1437 1065 1494 1141 sit.
1541 1069 1626 1142 Non
1646 1094 1795 1172 possum

401 1192 488 1269 [idei
510 1218 638 1268 caussa
674 1190 855 1294 imagines
881 1215 1006 1292 neque
1030 1188 1242 1294 triumphos
1273 1207 1341 1264 out
1365 1189 1582 1266 consulatus
1608 1192 1796 1266 maiorum

399 1343 572 1392 meorum
590 1330 796 1406 ostentare3
821 1327 878 1402 at,
895 1312 927 1386 si
950 1339 1008 1388 res
1028 1314 1211 1416 postulet,
1226 1312 1366 1404 hastas,
1387 1313 1585 1405 vexillum,
1602 1313 1795 1418 phaleras,

398 1439 473 1514 alin
492 1439 672 1513 militaria
687 1437 789 1512 dona
799 1467 809 1527 ;
835 1451 1014 1538 praeterea
1031 1436 1221 1511 cicatrices
1240 1437 1397 1512 advorso
1416 1465 1581 1544 corpore.
1622 1441 1692 1512 Hae
1709 1453 1797 1513 sunt

270 1569 275 1586 “
398 1589 491 1638 meae
513 1562 712 1666 imagines,
725 1558 808 1634 baec
828 1558 1030 1648 nobilitas,
1056 1587 1136 1634 non
1155 1557 1374 1636 haereditate
1394 1562 1539 1652 relicta,
1560 1579 1605 1636 ut
1627 1561 1694 1636 illa
1716 1563 1796 1650 illis,

397 1685 463 1761 sed
480 1711 566 1787 quae
582 1711 650 1788 ego
671 1683 764 1757 meis
786 1681 962 1785 plurimis
993 1683 1186 1756 laboribus
1220 1700 1257 1757 et
1291 1685 1469 1786 periculis
1498 1686 1661 1790 quaesivi.
1711 1687 1796 1760 Non

387 1826 489 1892 ,sunt
511 1807 717 1911 composita
736 1807 850 1879 verba
876 1831 957 1878 men
981 1837 989 1876 :
1012 1831 1151 1907 parum
1175 1805 1214 1880 id
1245 1805 1365 1900 faci03
1390 1807 1468 1911 ipsa
1499 1835 1537 1884 se
1564 1809 1683 1884 virtus
1711 1811 1797 1884 satis

398 1931 592 2008 ostendit:
619 1930 695 2003 illis
714 1927 877 2004 artificio
899 1952 993 2030 opus
1012 1942 1084 2016 est,
1109 1943 1153 2002 ut
1185 1929 1311 2032 turpia
1334 1929 1431 2003 facta
1458 1934 1630 2020 oratione
1660 1951 1794 2038 tegant

395 2058 527 2160 Neque
548 2055 675 2131 literas
696 2052 846 2126 Graecas
869 2049 988 2124 didici
1011 2082 1018 2122 ε
1044 2043 1376 2153 parum'placebat
1391 2079 1451 2128 eas
1472 2055 1628 2144 discere,
1654 2057 1797 2162 quippe

397 2207 484 2284 quae
502 2179 552 2255 ad
570 2178 753 2252 virtutem
774 2173 993 2248 doctoribus
1016 2170 1116 2246 nihil
1140 2173 1377 2277 profuerunt.
1429 2183 1478 2251 At
1499 2179 1564 2253 illa
1587 2179 1713 2254 multo
1731 2209 1796 2284 op·

394 2320 504 2379 tuma
534 2299 755 2404 reipublicae
784 2297 918 2372 doctus
950 2322 1064 2372 sum:
1089 2295 1234 2372 hostem
1263 2297 1392 2390 ferire,
1431 2301 1603 2404 praesidia
1630 2305 1797 2409 agitem

392 2427 498 2509 nihil
514 2439 679 2500 metuere
698 2422 772 2496 nisi
795 2437 947 2523 turpem
965 2418 1124 2513 famam3
1149 2417 1312 2496 hiemem
1332 2439 1370 2498 et
1392 2441 1557 2499 aestatem
1566 2425 1678 2500 iuxta
1696 2427 1797 2530 pati;

393 2548 507 2623 humi
537 2546 790 2648 requiescam
813 2542 946 2618 eodem
977 2559 1142 2646 tempore
1172 2543 1343 2646 inopiam
1364 2564 1403 2621 et
1434 2547 1602 2624 laborem
1625 2549 1793 2625 tolerare.
1894 2539 1895 2546 ἵ

392 2671 466 2745 llis
496 2696 564 2772 ego
588 2665 783 2772 praeceptis
807 2666 945 2742 milites
974 2664 1190 2740 hortabor:
1218 2693 1341 2772 neque
1365 2670 1449 2746 illos
1468 2687 1548 2747 arte
1568 2673 1710 2765 colam,
1737 2703 1794 2750 me
1893 2753 1894 2762 ,

333 2876 337 2883 ⁴
389 2791 619 2898 opulentcc3
644 2817 769 2892 neque
796 2791 957 2894 gloriam
983 2817 1106 2865 meam
1135 2789 1303 2866 laborem
1325 2792 1481 2868 illorum
1514 2795 1661 2871 faciam.
1692 2801 1794 2900 *Hoc

388 2933 451 2992 est
469 2915 587 3003 utile,
612 2911 685 2988 boc
706 2913 816 2988 civile
833 2913 1048 3017 imperium.
1098 2915 1271 3017 Namque
1294 2907 1420 3018 ¹quum
1437 2933 1518 2992 tute
1544 2947 1614 3022 per
1638 2923 1793 2998 molliti-

387 3137 615 3200 matteum.
635 3134 731 3194 animi
743 3131 886 3193 mutarim
903 3134 963 3194 inc.
984 3135 1093 3196 Fabrio.
1113 3133 1202 3196 dead.
1232 3135 1299 3232 Ege.
1319 3135 1397 3196 Vra't.
1417 3137 1513 3199 Sonat.
1533 3139 1633 3200 Heuss.
1655 3143 1753 3204 Guell.
1766 3167 1790 3206 ι.

372 3246 423 3306 d.
437 3246 465 3309 6.
484 3263 531 3303 ιι.
551 3243 664 3321 atiquo«
678 3239 790 3299 Wossii.
810 3239 968 3302 Porinas.
989 3238 1096 3300 areimis
1113 3248 1241 3319 reptatala
1268 3242 1381 3320 aliquot
1397 3241 1473 3302 llivii
1491 3242 1569 3302 libri.
1589 3245 1672 3306 Leid.
1688 3249 1708 3307 l.
1722 3251 1749 3308 lr.
1764 3271 1790 3308 ιι.
1891 3245 1892 3275 ¹

386 3347 554 3427 praedicaret
572 3345 639 3403 Sen.
656 3363 682 3402 ι.
704 3341 787 3403 Fabr-
807 3339 875 3423 Τις.
895 3341 996 3402 Heuss.
1016 3344 1075 3403 inc.
1094 3365 1119 3403 ι.
1141 3343 1240 3415 Basl.
1257 3344 1343 3421 salsa
1368 3345 1481 3406 Fabric.
1505 3345 1573 3430 Τις.
1594 3349 1662 3410 Son.
1677 3371 1702 3410 ι.
1731 3354 1789 3412 Bas.

393 3452 424 3521 4.
443 3453 512 3513 vin.
522 3470 550 3513 2.
562 3450 669 3508 inca.
688 3447 768 3510 viat.
779 3465 803 3503 ι.
823 3443 920 3505 cunr.
932 3464 959 3506 a.
972 3467 1000 3526 7.
1020 3445 1054 3506 id
1063 3445 1276 3527 postulandamv
1290 3445 1404 3508 Fabric.
1427 3449 1504 3510 bivii
1520 3461 1548 3511 et
1568 3453 1637 3514 vin.
1651 3476 1676 3513 ι.
1692 3477 1790 3518 aarum
1890 3449 1891 3452 ¹

386 3573 478 3633 poan.
499 3553 586 3612 ceteri
599 3569 711 3613 omnes.
725 3549 941 3628 poentunuan
959 3548 1044 3608 Fabr.
1057 3571 1082 3615 1.
1106 3550 1222 3610 hastam
1235 3571 1301 3612 vac.
1325 3551 1409 3612 Fabr.
1430 3553 1497 3615 Seu.
1510 3576 1535 3614 1.
1561 3555 1658 3618 Guell.
1673 3583 1788 3644 1.7.1t.

385 3657 457 3716 llas.
470 3658 500 3727 4.
518 3655 617 3716 Turia.
639 3655 674 3713 ιἰι
684 3655 807 3714 muno
824 3671 946 3731 corporo
965 3662 1074 3734 septem
1092 3651 1184 3717 Cottii
1198 3653 1275 3715 libri.
1301 3658 1413 3738 aliquot
1427 3657 1514 3724 nivii.
1535 3663 1659 3724 advorso
1675 3679 1788 3746 pectora

392 3762 465 3823 vin.
475 3781 502 3821 ι.
521 3757 628 3822 Bm.
646 3777 741 3836 comp.
755 3777 822 3816 maa
832 3756 924 3817 verba
942 3755 1004 3816 Bas.
1017 3778 1042 3820 1.
1062 3757 1131 3818 Vin.
1144 3778 1168 3817 1.
1178 3757 1264 3819 Febr.
1276 3779 1302 3818 a.
1322 3759 1393 3822 satis
1404 3761 1539 3822 ostendit.
1550 3765 1692 3828 satiram.
1705 3771 1786 3832 Italis.

385 3888 426 3927 .1.
447 3865 545 3931 Guelf,
564 3884 597 3945 7.
614 3862 695 3927 Vrat.
705 3883 732 3922 2.
745 3881 829 3921 unus
837 3861 950 3922 wanti.
966 3862 1144 3941 profuerant
1170 3862 1236 3924 Son.
1257 3863 1356 3924 chss.
1376 3866 1437 3926 Bas.
1455 3888 1481 3926 1.
1507 3870 1612 3930 Vinnr.
1634 3871 1685 3933 dc.
1705 3879 1785 3936 Vnt.

383 3993 429 4032 a.
446 3968 553 4030 Frouc.
569 3966 666 4028 Guclt.
685 3987 709 4026 ι.
723 3963 869 4036 ΜΗ.
893 3963 976 4025 Leia.
988 3964 1018 4024 b.
1031 3985 1064 4024 ιι.
1083 3965 1215 4046 plerique
1225 3965 1341 4028 Gruteri
1348 4009 1361 4041 ,
1380 3970 1441 4030 duo
1456 3971 1570 4034 Wassii.
1584 3973 1645 4035 Erl.
1666 3977 1751 4043 Bam.
1762 4001 1786 4040 ι.
1887 4043 1888 4050 χ

372 4075 491 4139 ..tastu
496 4071 597 4151 sarira
613 4090 716 4132 omncs
732 4071 790 4129 lero
803 4067 839 4127 G.
854 4063 932 4127 libri.
955 4069 1026 4128 item
1040 4067 1180 4132 mvii-ast
1189 4073 1289 4136 nostri.
1310 4071 1421 4134 bostem
1441 4073 1508 4136 Eoo.
1529 4075 1590 4145 Bas.
1603 4081 1669 4152 nd.
1690 4103 1787 4142 ornnes

390 4178 480 4242 leid.
492 4178 607 4261 (prator
618 4175 653 4253 i.)
669 4176 710 4234 ita
719 4172 804 4234 Grat.
816 4171 908 4235 Wau.
918 4171 1042 4238 nuuc.
1062 4170 1186 4236 dumam
1198 4183 1325 4238 anatem
1344 4179 1411 4240 Seu.
1423 4201 1451 4241 ι.
1471 4179 1575 4244 Fraus.
1597 4183 1693 4246 Guoll.
1700 4199 1784 4267 7³⁰·
1886 4219 1887 4226 ι
