<?xml version="1.0" encoding="UTF-8"?>
<!DOCTYPE html PUBLIC "-//W3C//DTD XHTML 1.0 Transitional//EN"
    "http://www.w3.org/TR/xhtml1/DTD/xhtml1-transitional.dtd">
<html xmlns="http://www.w3.org/1999/xhtml" xml:lang="en" lang="en">
 <head>
  <title>
</title>
<meta http-equiv="Content-Type" content="text/html;charset=utf-8" />
  <meta name='ocr-system' content='tesseract 3.04.00' />
  <meta name='ocr-capabilities' content='ocr_page ocr_carea ocr_par ocr_line ocrx_word'/>
</head>
<body>
  <div class='ocr_page' id='page_1' title='image "./salustiiquaeexs01sallgoog_0107.png"; bbox 0 0 3850 4867; ppageno 0'>
   <div class='ocr_carea' id='block_1_1' title="bbox 1540 352 1578 400">
    <p class='ocr_par' dir='ltr' id='par_1_1' title="bbox 1540 352 1578 400">
     <span class='ocr_line' id='line_1_1' title="bbox 1540 352 1578 400; baseline 0.026 -1"><span class='ocrx_word' id='word_1_1' title='bbox 1540 352 1578 400; x_wconf 90' lang='lat'><strong>11</strong></span> 
     </span>
    </p>
   </div>
   <div class='ocr_carea' id='block_1_2' title="bbox 91 505 1699 1719">
    <p class='ocr_par' dir='ltr' id='par_1_2' title="bbox 91 505 1699 1719">
     <span class='ocr_line' id='line_1_2' title="bbox 185 505 1582 613; baseline -0.004 -27"><span class='ocrx_word' id='word_1_2' title='bbox 185 505 388 612; x_wconf 83' lang='lat' dir='ltr'><strong>nificaeque</strong></span> <span class='ocrx_word' id='word_1_3' title='bbox 416 509 552 603; x_wconf 82' lang='lat' dir='ltr'><strong>fuere;</strong></span> <span class='ocrx_word' id='word_1_4' title='bbox 589 537 722 586; x_wconf 87' lang='lat' dir='ltr'><strong>verum</strong></span> <span class='ocrx_word' id='word_1_5' title='bbox 744 512 944 613; x_wconf 83' lang='lat' dir='ltr'><strong>aliquanto</strong></span> <span class='ocrx_word' id='word_1_6' title='bbox 966 510 1131 584; x_wconf 81' lang='lat' dir='ltr'><strong>minores</strong></span> <span class='ocrx_word' id='word_1_7' title='bbox 1157 523 1301 597; x_wconf 80' lang='lat' dir='ltr'><strong>tamen,</strong></span> <span class='ocrx_word' id='word_1_8' title='bbox 1335 535 1453 610; x_wconf 83' lang='lat' dir='ltr'><strong>quam</strong></span> <span class='ocrx_word' id='word_1_9' title='bbox 1481 507 1582 581; x_wconf 79' lang='lat' dir='ltr'><strong>fama</strong></span> 
     </span>
     <span class='ocr_line' id='line_1_3' title="bbox 184 629 1583 740; baseline -0.001 -35"><span class='ocrx_word' id='word_1_10' title='bbox 184 629 371 708; x_wconf 83' lang='lat' dir='ltr'><strong>seruntur.</strong></span> <span class='ocrx_word' id='word_1_11' title='bbox 407 634 479 710; x_wconf 85' lang='lat' dir='ltr'><strong>Sed</strong></span> <span class='ocrx_word' id='word_1_12' title='bbox 496 633 586 738; x_wconf 81' lang='lat' dir='ltr'><strong>quia</strong></span> <span class='ocrx_word' id='word_1_13' title='bbox 602 661 809 740; x_wconf 86' lang='lat' dir='ltr'><strong>provenere</strong></span> <span class='ocrx_word' id='word_1_14' title='bbox 830 635 884 708; x_wconf 91' lang='lat' dir='ltr'><strong>ibi</strong></span> <span class='ocrx_word' id='word_1_15' title='bbox 906 635 1135 738; x_wconf 88' lang='lat' dir='ltr'><strong>scriptorum</strong></span> <span class='ocrx_word' id='word_1_16' title='bbox 1156 660 1295 736; x_wconf 80' lang='lat' dir='ltr'><strong>magno</strong></span> <span class='ocrx_word' id='word_1_17' title='bbox 1318 631 1486 734; x_wconf 82' lang='lat' dir='ltr'><strong>ingenia,</strong></span> <span class='ocrx_word' id='word_1_18' title='bbox 1513 657 1583 734; x_wconf 87' lang='lat' dir='ltr'><strong>per</strong></span> 
     </span>
     <span class='ocr_line' id='line_1_4' title="bbox 184 755 1580 860; baseline -0.003 -31"><span class='ocrx_word' id='word_1_19' title='bbox 184 770 374 832; x_wconf 84' lang='lat' dir='ltr'><strong>terrarum</strong></span> <span class='ocrx_word' id='word_1_20' title='bbox 397 759 527 834; x_wconf 90' lang='lat' dir='ltr'><strong>orbem</strong></span> <span class='ocrx_word' id='word_1_21' title='bbox 561 758 852 835; x_wconf 80' lang='lat' dir='ltr'><strong>Atheniensium</strong></span> <span class='ocrx_word' id='word_1_22' title='bbox 881 757 981 832; x_wconf 79' lang='lat' dir='ltr'><strong>sacta</strong></span> <span class='ocrx_word' id='word_1_23' title='bbox 1014 784 1085 860; x_wconf 88' lang='lat' dir='ltr'><strong>pro</strong></span> <span class='ocrx_word' id='word_1_24' title='bbox 1115 755 1303 830; x_wconf 83' lang='lat' dir='ltr'><strong>maxumis</strong></span> <span class='ocrx_word' id='word_1_25' title='bbox 1330 755 1580 829; x_wconf 77' lang='lat' dir='ltr'><strong>celebrentur.</strong></span> 
     </span>
     <span class='ocr_line' id='line_1_5' title="bbox 183 879 1582 986; baseline 0.001 -36"><span class='ocrx_word' id='word_1_26' title='bbox 183 879 241 952; x_wconf 82' lang='lat' dir='ltr'><strong>Ita</strong></span> <span class='ocrx_word' id='word_1_27' title='bbox 274 907 428 974; x_wconf 90' lang='lat' dir='ltr'><strong>eorum,</strong></span> <span class='ocrx_word' id='word_1_28' title='bbox 454 885 521 986; x_wconf 86' lang='lat' dir='ltr'><strong>qui</strong></span> <span class='ocrx_word' id='word_1_29' title='bbox 548 881 686 974; x_wconf 84' lang='lat' dir='ltr'><strong>secere,</strong></span> <span class='ocrx_word' id='word_1_30' title='bbox 709 883 829 957; x_wconf 90' lang='lat' dir='ltr'><strong>virtus</strong></span> <span class='ocrx_word' id='word_1_31' title='bbox 859 900 965 956; x_wconf 81' lang='lat' dir='ltr'><strong>tanta</strong></span> <span class='ocrx_word' id='word_1_32' title='bbox 993 879 1177 970; x_wconf 85' lang='lat' dir='ltr'><strong>habetur,</strong></span> <span class='ocrx_word' id='word_1_33' title='bbox 1212 896 1403 983; x_wconf 86' lang='lat' dir='ltr'><strong>quantum</strong></span> <span class='ocrx_word' id='word_1_34' title='bbox 1433 906 1476 953; x_wconf 87' lang='lat' dir='ltr'><strong>ea</strong></span> <span class='ocrx_word' id='word_1_35' title='bbox 1501 905 1582 952; x_wconf 84' lang='lat' dir='ltr'><strong>ver-</strong></span> 
     </span>
     <span class='ocr_line' id='line_1_6' title="bbox 183 1000 1583 1110; baseline 0.001 -38"><span class='ocrx_word' id='word_1_36' title='bbox 183 1000 240 1074; x_wconf 87' lang='lat' dir='ltr'><strong>bis</strong></span> <span class='ocrx_word' id='word_1_37' title='bbox 261 1021 419 1105; x_wconf 88' lang='lat' dir='ltr'><strong>potuere</strong></span> <span class='ocrx_word' id='word_1_38' title='bbox 436 1007 614 1083; x_wconf 86' lang='lat' dir='ltr'><strong>extollere</strong></span> <span class='ocrx_word' id='word_1_39' title='bbox 638 1007 819 1110; x_wconf 82' lang='lat' dir='ltr'><strong>proeelnro</strong></span> <span class='ocrx_word' id='word_1_40' title='bbox 841 1005 1002 1109; x_wconf 81' lang='lat' dir='ltr'><strong>ingenia.</strong></span> <span class='ocrx_word' id='word_1_41' title='bbox 1041 1007 1090 1078; x_wconf 86' lang='lat' dir='ltr'><strong>At</strong></span> <span class='ocrx_word' id='word_1_42' title='bbox 1108 1004 1253 1107; x_wconf 92' lang='lat' dir='ltr'><strong>populo</strong></span> <span class='ocrx_word' id='word_1_43' title='bbox 1277 1005 1449 1078; x_wconf 87' lang='lat' dir='ltr'><strong>Romano</strong></span> <span class='ocrx_word' id='word_1_44' title='bbox 1470 1029 1583 1075; x_wconf 90' lang='lat' dir='ltr'><strong>num·</strong></span> 
     </span>
     <span class='ocr_line' id='line_1_7' title="bbox 183 1126 1699 1235; baseline 0.001 -37"><span class='ocrx_word' id='word_1_45' title='bbox 183 1151 301 1225; x_wconf 86' lang='lat' dir='ltr'><strong>quam</strong></span> <span class='ocrx_word' id='word_1_46' title='bbox 320 1155 363 1202; x_wconf 85' lang='lat' dir='ltr'><strong>ea</strong></span> <span class='ocrx_word' id='word_1_47' title='bbox 384 1131 493 1233; x_wconf 85' lang='lat' dir='ltr'><strong>copia</strong></span> <span class='ocrx_word' id='word_1_48' title='bbox 510 1129 613 1206; x_wconf 75' lang='lat' dir='ltr'><strong>fuit:</strong></span> <span class='ocrx_word' id='word_1_49' title='bbox 650 1131 739 1235; x_wconf 82' lang='lat' dir='ltr'><strong>quia</strong></span> <span class='ocrx_word' id='word_1_50' title='bbox 770 1129 1099 1233; x_wconf 82' lang='lat' dir='ltr'><strong>prudentissumus</strong></span> <span class='ocrx_word' id='word_1_51' title='bbox 1123 1126 1286 1228; x_wconf 86' lang='lat' dir='ltr'><strong>quisque</strong></span> <span class='ocrx_word' id='word_1_52' title='bbox 1313 1153 1491 1200; x_wconf 83' lang='lat' dir='ltr'><strong>maxume</strong></span> <span class='ocrx_word' id='word_1_53' title='bbox 1519 1153 1584 1199; x_wconf 89' lang='lat' dir='ltr'><strong>ne-</strong></span> <span class='ocrx_word' id='word_1_54' title='bbox 1685 1139 1699 1160; x_wconf 63' lang='lat'>⁸</span> 
     </span>
     <span class='ocr_line' id='line_1_8' title="bbox 180 1250 1584 1359; baseline 0.001 -36"><span class='ocrx_word' id='word_1_55' title='bbox 180 1251 345 1350; x_wconf 81' lang='lat' dir='ltr'><strong>gotiosus</strong></span> <span class='ocrx_word' id='word_1_56' title='bbox 374 1269 475 1328; x_wconf 87' lang='lat' dir='ltr'><strong>erat:</strong></span> <span class='ocrx_word' id='word_1_57' title='bbox 503 1255 700 1359; x_wconf 81' lang='lat' dir='ltr'><strong>ingenium</strong></span> <span class='ocrx_word' id='word_1_58' title='bbox 730 1281 842 1327; x_wconf 88' lang='lat' dir='ltr'><strong>nemo</strong></span> <span class='ocrx_word' id='word_1_59' title='bbox 872 1253 953 1326; x_wconf 90' lang='lat' dir='ltr'><strong>sine</strong></span> <span class='ocrx_word' id='word_1_60' title='bbox 978 1278 1136 1353; x_wconf 86' lang='lat' dir='ltr'><strong>corpore</strong></span> <span class='ocrx_word' id='word_1_61' title='bbox 1158 1250 1375 1324; x_wconf 85' lang='lat' dir='ltr'><strong>exercebat:</strong></span> <span class='ocrx_word' id='word_1_62' title='bbox 1403 1267 1584 1352; x_wconf 87' lang='lat' dir='ltr'><strong>optumus</strong></span> 
     </span>
     <span class='ocr_line' id='line_1_9' title="bbox 181 1373 1579 1479; baseline 0.001 -32"><span class='ocrx_word' id='word_1_63' title='bbox 181 1374 344 1476; x_wconf 88' lang='lat' dir='ltr'><strong>quisque</strong></span> <span class='ocrx_word' id='word_1_64' title='bbox 375 1375 516 1468; x_wconf 83' lang='lat' dir='ltr'><strong>facere,</strong></span> <span class='ocrx_word' id='word_1_65' title='bbox 550 1405 668 1479; x_wconf 81' lang='lat' dir='ltr'><strong>quam</strong></span> <span class='ocrx_word' id='word_1_66' title='bbox 701 1377 856 1468; x_wconf 88' lang='lat' dir='ltr'><strong>dicere;</strong></span> <span class='ocrx_word' id='word_1_67' title='bbox 887 1401 954 1449; x_wconf 89' lang='lat' dir='ltr'><strong>sua</strong></span> <span class='ocrx_word' id='word_1_68' title='bbox 982 1375 1032 1448; x_wconf 82' lang='lat' dir='ltr'><strong>ab</strong></span> <span class='ocrx_word' id='word_1_69' title='bbox 1065 1374 1149 1449; x_wconf 86' lang='lat' dir='ltr'><strong>aliis</strong></span> <span class='ocrx_word' id='word_1_70' title='bbox 1181 1373 1378 1448; x_wconf 77' lang='lat' dir='ltr'><strong>benefacta</strong></span> <span class='ocrx_word' id='word_1_71' title='bbox 1410 1374 1579 1462; x_wconf 83' lang='lat' dir='ltr'><strong>laudari,</strong></span> 
     </span>
     <span class='ocr_line' id='line_1_10' title="bbox 91 1497 1609 1603; baseline -0.003 -30"><span class='ocrx_word' id='word_1_72' title='bbox 91 1530 94 1536; x_wconf 94' lang='lat'>·</span> <span class='ocrx_word' id='word_1_73' title='bbox 181 1523 300 1598; x_wconf 77' lang='lat' dir='ltr'><strong>qum</strong></span> <span class='ocrx_word' id='word_1_74' title='bbox 321 1500 399 1603; x_wconf 90' lang='lat' dir='ltr'><strong>ipse</strong></span> <span class='ocrx_word' id='word_1_75' title='bbox 416 1499 580 1575; x_wconf 86' lang='lat' dir='ltr'><strong>aliorum</strong></span> <span class='ocrx_word' id='word_1_76' title='bbox 602 1527 757 1574; x_wconf 87' lang='lat' dir='ltr'><strong>narrare</strong></span> <span class='ocrx_word' id='word_1_77' title='bbox 777 1498 951 1573; x_wconf 85' lang='lat' dir='ltr'><strong>malebat.</strong></span> <span class='ocrx_word' id='word_1_78' title='bbox 1002 1497 1124 1602; x_wconf 75' lang='lat' dir='ltr'><strong>Igitur</strong></span> <span class='ocrx_word' id='word_1_79' title='bbox 1140 1497 1243 1573; x_wconf 91' lang='lat' dir='ltr'><strong>domi</strong></span> <span class='ocrx_word' id='word_1_80' title='bbox 1253 1499 1479 1600; x_wconf 89' lang='lat' dir='ltr'><strong>militiaeque</strong></span> <span class='ocrx_word' id='word_1_81' title='bbox 1489 1498 1609 1572; x_wconf 75' lang='lat' dir='ltr'><strong>bonis</strong></span> 
     </span>
     <span class='ocr_line' id='line_1_11' title="bbox 182 1621 1584 1719; baseline 0 -24"><span class='ocrx_word' id='word_1_82' title='bbox 182 1647 304 1697; x_wconf 85' lang='lat' dir='ltr'><strong>mores</strong></span> <span class='ocrx_word' id='word_1_83' title='bbox 322 1621 570 1719; x_wconf 81' lang='lat' dir='ltr'><strong>colebantur3</strong></span> <span class='ocrx_word' id='word_1_84' title='bbox 593 1623 796 1700; x_wconf 83' lang='lat' dir='ltr'><strong>concordia</strong></span> <span class='ocrx_word' id='word_1_85' title='bbox 814 1647 1012 1711; x_wconf 84' lang='lat' dir='ltr'><strong>maxuma,</strong></span> <span class='ocrx_word' id='word_1_86' title='bbox 1034 1624 1207 1697; x_wconf 85' lang='lat' dir='ltr'><strong>minuma</strong></span> <span class='ocrx_word' id='word_1_87' title='bbox 1227 1622 1385 1696; x_wconf 80' lang='lat' dir='ltr'><strong>avaritia</strong></span> <span class='ocrx_word' id='word_1_88' title='bbox 1401 1638 1502 1696; x_wconf 84' lang='lat' dir='ltr'><strong>erat:</strong></span> <span class='ocrx_word' id='word_1_89' title='bbox 1526 1624 1584 1695; x_wconf 91' lang='lat' dir='ltr'><strong>ius</strong></span> 
     </span>
    </p>
   </div>
   <div class='ocr_carea' id='block_1_3' title="bbox 176 1799 1584 2320">
    <p class='ocr_par' dir='ltr' id='par_1_3' title="bbox 176 1799 1584 2320">
     <span class='ocr_line' id='line_1_12' title="bbox 179 1799 1584 1904; baseline -0.003 -24"><span class='ocrx_word' id='word_1_90' title='bbox 179 1839 216 1878; x_wconf 84' lang='lat' dir='ltr'><strong>ea</strong></span> <span class='ocrx_word' id='word_1_91' title='bbox 233 1819 365 1896; x_wconf 70' lang='lat' dir='ltr'><strong>divitus,</strong></span> <span class='ocrx_word' id='word_1_92' title='bbox 386 1842 420 1883; x_wconf 83' lang='lat' dir='ltr'><strong>eo</strong></span> <span class='ocrx_word' id='word_1_93' title='bbox 435 1825 542 1884; x_wconf 84' lang='lat' dir='ltr'><strong>bonam</strong></span> <span class='ocrx_word' id='word_1_94' title='bbox 553 1824 684 1900; x_wconf 75' lang='lat' dir='ltr'><strong>somam.</strong></span> <span class='ocrx_word' id='word_1_95' title='bbox 699 1821 813 1882; x_wconf 59' lang='lat' dir='ltr'><strong>[ellel</strong></span> <span class='ocrx_word' id='word_1_96' title='bbox 836 1843 862 1880; x_wconf 89' lang='lat' dir='ltr'><strong>e.</strong></span> <span class='ocrx_word' id='word_1_97' title='bbox 879 1799 941 1904; x_wconf 68' lang='lat' dir='ltr'><strong>lg.</strong></span> <span class='ocrx_word' id='word_1_98' title='bbox 960 1822 988 1880; x_wconf 84' lang='lat' dir='ltr'><strong>k.</strong></span> <span class='ocrx_word' id='word_1_99' title='bbox 1009 1843 1050 1879; x_wconf 88' lang='lat' dir='ltr'><strong>m.</strong></span> <span class='ocrx_word' id='word_1_100' title='bbox 1070 1819 1154 1879; x_wconf 83' lang='lat' dir='ltr'><strong>Bern.</strong></span> <span class='ocrx_word' id='word_1_101' title='bbox 1175 1842 1200 1880; x_wconf 85' lang='lat'><strong>1.</strong></span> <span class='ocrx_word' id='word_1_102' title='bbox 1220 1823 1318 1900; x_wconf 85' lang='lat' dir='ltr'><strong>plures</strong></span> <span class='ocrx_word' id='word_1_103' title='bbox 1334 1819 1428 1879; x_wconf 84' lang='lat' dir='ltr'><strong>Cortii</strong></span> <span class='ocrx_word' id='word_1_104' title='bbox 1444 1814 1522 1874; x_wconf 75' lang='lat' dir='ltr'><strong>libri.</strong></span> <span class='ocrx_word' id='word_1_105' title='bbox 1535 1835 1584 1876; x_wconf 82' lang='lat' dir='ltr'><strong>eus</strong></span> 
     </span>
     <span class='ocr_line' id='line_1_13' title="bbox 179 1923 1582 2006; baseline 0.001 -22"><span class='ocrx_word' id='word_1_106' title='bbox 179 1923 318 1998; x_wconf 69' lang='lat' dir='ltr'><strong>divilias,</strong></span> <span class='ocrx_word' id='word_1_107' title='bbox 340 1946 407 1986; x_wconf 86' lang='lat' dir='ltr'><strong>eom</strong></span> <span class='ocrx_word' id='word_1_108' title='bbox 429 1929 535 1988; x_wconf 84' lang='lat' dir='ltr'><strong>bonum</strong></span> <span class='ocrx_word' id='word_1_109' title='bbox 542 1929 674 2004; x_wconf 83' lang='lat' dir='ltr'><strong>somam.</strong></span> <span class='ocrx_word' id='word_1_110' title='bbox 696 1927 757 1986; x_wconf 82' lang='lat' dir='ltr'><strong>Bas.</strong></span> <span class='ocrx_word' id='word_1_111' title='bbox 766 1947 879 1998; x_wconf 86' lang='lat' dir='ltr'><strong>ornnes,</strong></span> <span class='ocrx_word' id='word_1_112' title='bbox 888 1927 990 1986; x_wconf 75' lang='lat' dir='ltr'><strong>Vinar.</strong></span> <span class='ocrx_word' id='word_1_113' title='bbox 1004 1925 1075 1984; x_wconf 87' lang='lat' dir='ltr'><strong>Tur.</strong></span> <span class='ocrx_word' id='word_1_114' title='bbox 1087 1947 1112 1984; x_wconf 84' lang='lat'><strong>1.</strong></span> <span class='ocrx_word' id='word_1_115' title='bbox 1125 1947 1167 1984; x_wconf 89' lang='grc' dir='ltr'><strong>ιιι.</strong></span> <span class='ocrx_word' id='word_1_116' title='bbox 1182 1945 1228 2006; x_wconf 86' lang='lat' dir='ltr'><strong>pr.</strong></span> <span class='ocrx_word' id='word_1_117' title='bbox 1241 1923 1326 1983; x_wconf 85' lang='lat' dir='ltr'><strong>Fabr.</strong></span> <span class='ocrx_word' id='word_1_118' title='bbox 1342 1936 1371 1984; x_wconf 90' lang='lat' dir='ltr'><strong>et</strong></span> <span class='ocrx_word' id='word_1_119' title='bbox 1379 1925 1475 1983; x_wconf 73' lang='lat' dir='ltr'><strong>Senot.</strong></span> <span class='ocrx_word' id='word_1_120' title='bbox 1488 1933 1582 2003; x_wconf 87' lang='lat' dir='ltr'><strong>uterq.</strong></span> 
     </span>
     <span class='ocr_line' id='line_1_14' title="bbox 178 2014 1581 2106; baseline -0.001 -18"><span class='ocrx_word' id='word_1_121' title='bbox 178 2030 263 2090; x_wconf 81' lang='lat' dir='ltr'><strong>Rem.</strong></span> <span class='ocrx_word' id='word_1_122' title='bbox 276 2031 384 2092; x_wconf 67' lang='lat' dir='ltr'><strong>medis.</strong></span> <span class='ocrx_word' id='word_1_123' title='bbox 398 2043 454 2094; x_wconf 84' lang='lat' dir='ltr'><strong>ret.</strong></span> <span class='ocrx_word' id='word_1_124' title='bbox 465 2033 568 2096; x_wconf 72' lang='lat' dir='ltr'><strong>conii.</strong></span> <span class='ocrx_word' id='word_1_125' title='bbox 590 2032 670 2092; x_wconf 86' lang='lat' dir='ltr'><strong>Leid.</strong></span> <span class='ocrx_word' id='word_1_126' title='bbox 685 2055 711 2090; x_wconf 79' lang='lat' dir='ltr'><strong>a.</strong></span> <span class='ocrx_word' id='word_1_127' title='bbox 727 2055 753 2092; x_wconf 85' lang='lat' dir='ltr'><strong>e.</strong></span> <span class='ocrx_word' id='word_1_128' title='bbox 766 2034 787 2090; x_wconf 90' lang='lat' dir='ltr'><strong>i.</strong></span> <span class='ocrx_word' id='word_1_129' title='bbox 801 2035 822 2090; x_wconf 89' lang='lat' dir='ltr'><strong>l.</strong></span> <span class='ocrx_word' id='word_1_130' title='bbox 836 2053 867 2090; x_wconf 89' lang='lat' dir='ltr'><strong>n.</strong></span> <span class='ocrx_word' id='word_1_131' title='bbox 881 2031 978 2090; x_wconf 77' lang='lat' dir='ltr'><strong>Guell.</strong></span> <span class='ocrx_word' id='word_1_132' title='bbox 995 2052 1019 2092; x_wconf 90' lang='grc' dir='ltr'><strong>ι.</strong></span> <span class='ocrx_word' id='word_1_133' title='bbox 1035 2049 1062 2088; x_wconf 84' lang='grc' dir='ltr'><strong>ι.</strong></span> <span class='ocrx_word' id='word_1_134' title='bbox 1072 2029 1101 2088; x_wconf 80' lang='lat'><strong>3.</strong></span> <span class='ocrx_word' id='word_1_135' title='bbox 1115 2029 1142 2092; x_wconf 83' lang='lat'><strong>5.</strong></span> <span class='ocrx_word' id='word_1_136' title='bbox 1158 2014 1272 2106; x_wconf 71' lang='lat' dir='ltr'><strong>lon&#39;gim</strong></span> <span class='ocrx_word' id='word_1_137' title='bbox 1286 2048 1348 2093; x_wconf 86' lang='lat' dir='ltr'><strong>nos.</strong></span> <span class='ocrx_word' id='word_1_138' title='bbox 1367 2027 1447 2086; x_wconf 84' lang='lat' dir='ltr'><strong>Leid.</strong></span> <span class='ocrx_word' id='word_1_139' title='bbox 1460 2047 1581 2101; x_wconf 87' lang='lat' dir='ltr'><strong>omnes,</strong></span> 
     </span>
     <span class='ocr_line' id='line_1_15' title="bbox 178 2132 1578 2218; baseline 0.001 -25"><span class='ocrx_word' id='word_1_140' title='bbox 178 2147 300 2215; x_wconf 84' lang='lat' dir='ltr'><strong>excepto</strong></span> <span class='ocrx_word' id='word_1_141' title='bbox 310 2159 336 2196; x_wconf 88' lang='lat' dir='ltr'><strong>c.</strong></span> <span class='ocrx_word' id='word_1_142' title='bbox 352 2135 413 2196; x_wconf 79' lang='lat' dir='ltr'><strong>Bas.</strong></span> <span class='ocrx_word' id='word_1_143' title='bbox 424 2137 455 2198; x_wconf 83' lang='lat'><strong>3.</strong></span> <span class='ocrx_word' id='word_1_144' title='bbox 465 2141 493 2208; x_wconf 93' lang='grc'><strong>4.</strong></span> <span class='ocrx_word' id='word_1_145' title='bbox 515 2137 573 2195; x_wconf 80' lang='lat' dir='ltr'><strong>Erl.</strong></span> <span class='ocrx_word' id='word_1_146' title='bbox 589 2135 657 2218; x_wconf 84' lang='lat' dir='ltr'><strong>Teg.</strong></span> <span class='ocrx_word' id='word_1_147' title='bbox 674 2135 742 2196; x_wconf 88' lang='lat' dir='ltr'><strong>Tur.</strong></span> <span class='ocrx_word' id='word_1_148' title='bbox 770 2159 794 2196; x_wconf 89' lang='lat'><strong>1.</strong></span> <span class='ocrx_word' id='word_1_149' title='bbox 818 2157 846 2196; x_wconf 87' lang='lat'><strong>2.</strong></span> <span class='ocrx_word' id='word_1_150' title='bbox 867 2135 952 2195; x_wconf 84' lang='lat' dir='ltr'><strong>Beru.</strong></span> <span class='ocrx_word' id='word_1_151' title='bbox 971 2158 999 2196; x_wconf 88' lang='lat'><strong>2.</strong></span> <span class='ocrx_word' id='word_1_152' title='bbox 1022 2136 1108 2213; x_wconf 77' lang='lat' dir='ltr'><strong>longe</strong></span> <span class='ocrx_word' id='word_1_153' title='bbox 1129 2155 1191 2193; x_wconf 82' lang='lat' dir='ltr'><strong>nos.</strong></span> <span class='ocrx_word' id='word_1_154' title='bbox 1209 2134 1308 2197; x_wconf 85' lang='lat' dir='ltr'><strong>Ileuss.</strong></span> <span class='ocrx_word' id='word_1_155' title='bbox 1323 2134 1360 2192; x_wconf 77' lang='lat' dir='ltr'><strong>ab</strong></span> <span class='ocrx_word' id='word_1_156' title='bbox 1380 2132 1493 2212; x_wconf 77' lang='lat' dir='ltr'><strong>incepto</strong></span> <span class='ocrx_word' id='word_1_157' title='bbox 1516 2154 1578 2195; x_wconf 80' lang='lat' dir='ltr'><strong>nos.</strong></span> 
     </span>
     <span class='ocr_line' id='line_1_16' title="bbox 176 2239 1399 2320; baseline 0.002 -20"><span class='ocrx_word' id='word_1_158' title='bbox 176 2239 277 2300; x_wconf 69' lang='lat' dir='ltr'><strong>unar.</strong></span> <span class='ocrx_word' id='word_1_159' title='bbox 296 2240 479 2320; x_wconf 79' lang='lat' dir='ltr'><strong>noslongius.</strong></span> <span class='ocrx_word' id='word_1_160' title='bbox 499 2241 584 2300; x_wconf 84' lang='lat' dir='ltr'><strong>Bern.</strong></span> <span class='ocrx_word' id='word_1_161' title='bbox 601 2262 627 2300; x_wconf 86' lang='grc' dir='ltr'><strong>ι.</strong></span> <span class='ocrx_word' id='word_1_162' title='bbox 640 2241 669 2302; x_wconf 81' lang='lat'><strong>3.</strong></span> <span class='ocrx_word' id='word_1_163' title='bbox 1395 2244 1399 2253; x_wconf 85' lang='lat'><em>&#39;</em></span> 
     </span>
    </p>
   </div>
   <div class='ocr_carea' id='block_1_4' title="bbox 168 2383 1664 3834">
    <p class='ocr_par' dir='ltr' id='par_1_4' title="bbox 168 2383 1664 3834">
     <span class='ocr_line' id='line_1_17' title="bbox 240 2383 1581 2466; baseline 0.001 -23"><span class='ocrx_word' id='word_1_164' title='bbox 240 2383 313 2466; x_wconf 83' lang='lat' dir='ltr'><strong>Cap.</strong></span> <span class='ocrx_word' id='word_1_165' title='bbox 328 2387 356 2446; x_wconf 91' lang='lat'><strong>8.</strong></span> <span class='ocrx_word' id='word_1_166' title='bbox 378 2407 415 2445; x_wconf 78' lang='lat' dir='ltr'><strong>ex</strong></span> <span class='ocrx_word' id='word_1_167' title='bbox 427 2386 555 2445; x_wconf 71' lang='lat' dir='ltr'><strong>lubidine</strong></span> <span class='ocrx_word' id='word_1_168' title='bbox 569 2408 666 2466; x_wconf 79' lang='lat' dir='ltr'><strong>quam.</strong></span> <span class='ocrx_word' id='word_1_169' title='bbox 686 2389 804 2465; x_wconf 82' lang='lat' dir='ltr'><strong>(omisso</strong></span> <span class='ocrx_word' id='word_1_170' title='bbox 817 2387 922 2466; x_wconf 56' lang='lat' dir='ltr'><strong>magri)</strong></span> <span class='ocrx_word' id='word_1_171' title='bbox 945 2387 1031 2450; x_wconf 75' lang='lat' dir='ltr'><strong>Palu</strong></span> <span class='ocrx_word' id='word_1_172' title='bbox 1046 2387 1074 2457; x_wconf 90' lang='grc'><strong>4.</strong></span> <span class='ocrx_word' id='word_1_173' title='bbox 1096 2386 1190 2449; x_wconf 85' lang='lat' dir='ltr'><strong>Bern.&#39;</strong></span> <span class='ocrx_word' id='word_1_174' title='bbox 1200 2406 1224 2448; x_wconf 83' lang='lat'><strong>1.</strong></span> <span class='ocrx_word' id='word_1_175' title='bbox 1245 2383 1325 2448; x_wconf 77' lang='lat' dir='ltr'><strong>Leirl.</strong></span> <span class='ocrx_word' id='word_1_176' title='bbox 1339 2385 1368 2450; x_wconf 83' lang='lat' dir='ltr'><strong>d.</strong></span> <span class='ocrx_word' id='word_1_177' title='bbox 1383 2386 1403 2448; x_wconf 85' lang='lat' dir='ltr'><strong>i.</strong></span> <span class='ocrx_word' id='word_1_178' title='bbox 1417 2388 1438 2449; x_wconf 87' lang='lat' dir='ltr'><strong>l.</strong></span> <span class='ocrx_word' id='word_1_179' title='bbox 1453 2406 1493 2449; x_wconf 88' lang='lat' dir='ltr'><strong>m.</strong></span> <span class='ocrx_word' id='word_1_180' title='bbox 1507 2407 1537 2444; x_wconf 91' lang='grc' dir='ltr'><strong>ιι.</strong></span> <span class='ocrx_word' id='word_1_181' title='bbox 1553 2397 1581 2456; x_wconf 72' lang='grc' dir='ltr'><strong>,οἱ</strong></span> 
     </span>
     <span class='ocr_line' id='line_1_18' title="bbox 176 2489 1580 2572; baseline -0.001 -23"><span class='ocrx_word' id='word_1_182' title='bbox 176 2489 319 2550; x_wconf 81' lang='lat' dir='ltr'><strong>itaedidit</strong></span> <span class='ocrx_word' id='word_1_183' title='bbox 329 2491 436 2555; x_wconf 83' lang='lat' dir='ltr'><strong>Wasse.</strong></span> <span class='ocrx_word' id='word_1_184' title='bbox 458 2491 506 2549; x_wconf 90' lang='lat' dir='ltr'><strong>sed</strong></span> <span class='ocrx_word' id='word_1_185' title='bbox 522 2493 606 2550; x_wconf 82' lang='lat' dir='ltr'><strong>ceteri</strong></span> <span class='ocrx_word' id='word_1_186' title='bbox 620 2511 725 2550; x_wconf 85' lang='lat' dir='ltr'><strong>omnes</strong></span> <span class='ocrx_word' id='word_1_187' title='bbox 737 2491 833 2555; x_wconf 81' lang='lat' dir='ltr'><strong>codd.</strong></span> <span class='ocrx_word' id='word_1_188' title='bbox 855 2489 949 2568; x_wconf 78' lang='lat' dir='ltr'><strong>magis</strong></span> <span class='ocrx_word' id='word_1_189' title='bbox 971 2501 1142 2572; x_wconf 80' lang='lat' dir='ltr'><strong>agnoscunt.</strong></span> <span class='ocrx_word' id='word_1_190' title='bbox 1160 2490 1272 2549; x_wconf 81' lang='lat' dir='ltr'><strong>accedit</strong></span> <span class='ocrx_word' id='word_1_191' title='bbox 1284 2489 1414 2549; x_wconf 63' lang='lat' dir='ltr'><strong>Inerant.</strong></span> <span class='ocrx_word' id='word_1_192' title='bbox 1427 2491 1498 2553; x_wconf 79' lang='lat' dir='ltr'><strong>Inst.</strong></span> <span class='ocrx_word' id='word_1_193' title='bbox 1513 2491 1580 2555; x_wconf 74' lang='lat' dir='ltr'><strong>Diu.</strong></span> 
     </span>
     <span class='ocr_line' id='line_1_19' title="bbox 177 2590 1583 2659; baseline 0.001 -5"><span class='ocrx_word' id='word_1_194' title='bbox 177 2595 207 2654; x_wconf 75' lang='lat'><strong>3.</strong></span> <span class='ocrx_word' id='word_1_195' title='bbox 224 2595 272 2658; x_wconf 80' lang='lat'><strong>25.</strong></span> <span class='ocrx_word' id='word_1_196' title='bbox 292 2603 422 2654; x_wconf 79' lang='lat' dir='ltr'><strong>oestumo.</strong></span> <span class='ocrx_word' id='word_1_197' title='bbox 438 2598 571 2654; x_wconf 85' lang='lat' dir='ltr'><strong>meliores</strong></span> <span class='ocrx_word' id='word_1_198' title='bbox 590 2595 687 2654; x_wconf 87' lang='lat' dir='ltr'><strong>Codd.</strong></span> <span class='ocrx_word' id='word_1_199' title='bbox 703 2595 820 2655; x_wconf 87' lang='lat' dir='ltr'><strong>Gruteri</strong></span> <span class='ocrx_word' id='word_1_200' title='bbox 835 2607 863 2655; x_wconf 85' lang='lat' dir='ltr'><strong>et</strong></span> <span class='ocrx_word' id='word_1_201' title='bbox 876 2596 937 2658; x_wconf 78' lang='lat' dir='ltr'><strong>Bas.</strong></span> <span class='ocrx_word' id='word_1_202' title='bbox 956 2617 981 2654; x_wconf 90' lang='grc' dir='ltr'><strong>ι.</strong></span> <span class='ocrx_word' id='word_1_203' title='bbox 1001 2595 1097 2658; x_wconf 83' lang='lat' dir='ltr'><strong>Guelf.</strong></span> <span class='ocrx_word' id='word_1_204' title='bbox 1116 2616 1142 2654; x_wconf 84' lang='lat'><strong>1.</strong></span> <span class='ocrx_word' id='word_1_205' title='bbox 1156 2615 1183 2658; x_wconf 86' lang='lat'><strong>2.</strong></span> <span class='ocrx_word' id='word_1_206' title='bbox 1197 2595 1225 2659; x_wconf 89' lang='lat'><strong>5.</strong></span> <span class='ocrx_word' id='word_1_207' title='bbox 1236 2594 1265 2659; x_wconf 85' lang='lat'><strong>6.</strong></span> <span class='ocrx_word' id='word_1_208' title='bbox 1279 2615 1324 2659; x_wconf 91' lang='grc' dir='ltr'><strong>ιο.</strong></span> <span class='ocrx_word' id='word_1_209' title='bbox 1343 2617 1389 2654; x_wconf 89' lang='grc' dir='ltr'><strong>ιι.</strong></span> <span class='ocrx_word' id='word_1_210' title='bbox 1404 2590 1489 2653; x_wconf 79' lang='lat' dir='ltr'><strong>Fabr.</strong></span> <span class='ocrx_word' id='word_1_211' title='bbox 1501 2605 1583 2655; x_wconf 83' lang='lat' dir='ltr'><strong>uter·</strong></span> 
     </span>
     <span class='ocr_line' id='line_1_20' title="bbox 176 2699 1580 2781; baseline 0 -22"><span class='ocrx_word' id='word_1_212' title='bbox 176 2721 234 2781; x_wconf 86' lang='lat' dir='ltr'><strong>que</strong></span> <span class='ocrx_word' id='word_1_213' title='bbox 246 2699 331 2759; x_wconf 86' lang='lat' dir='ltr'><strong>Rem.</strong></span> <span class='ocrx_word' id='word_1_214' title='bbox 347 2722 372 2758; x_wconf 85' lang='lat'><strong>1.</strong></span> <span class='ocrx_word' id='word_1_215' title='bbox 387 2721 415 2758; x_wconf 75' lang='grc' dir='ltr'><strong>ι.</strong></span> <span class='ocrx_word' id='word_1_216' title='bbox 435 2701 502 2759; x_wconf 89' lang='lat' dir='ltr'><strong>Seu.</strong></span> <span class='ocrx_word' id='word_1_217' title='bbox 519 2723 544 2758; x_wconf 89' lang='grc' dir='ltr'><strong>ι.</strong></span> <span class='ocrx_word' id='word_1_218' title='bbox 561 2722 588 2759; x_wconf 88' lang='lat'><strong>2.</strong></span> <span class='ocrx_word' id='word_1_219' title='bbox 609 2703 668 2761; x_wconf 88' lang='lat' dir='ltr'><strong>ino.</strong></span> <span class='ocrx_word' id='word_1_220' title='bbox 687 2724 715 2761; x_wconf 73' lang='grc' dir='ltr'><strong>ι.</strong></span> <span class='ocrx_word' id='word_1_221' title='bbox 737 2701 824 2762; x_wconf 86' lang='lat' dir='ltr'><strong>lleus.</strong></span> <span class='ocrx_word' id='word_1_222' title='bbox 844 2703 938 2762; x_wconf 79' lang='lat' dir='ltr'><strong>Strur.</strong></span> <span class='ocrx_word' id='word_1_223' title='bbox 959 2699 1080 2761; x_wconf 83' lang='lat' dir='ltr'><strong>Eccnrd.</strong></span> <span class='ocrx_word' id='word_1_224' title='bbox 1102 2700 1188 2759; x_wconf 80' lang='lat' dir='ltr'><strong>ceteri</strong></span> <span class='ocrx_word' id='word_1_225' title='bbox 1200 2703 1245 2760; x_wconf 81' lang='lat' dir='ltr'><strong>vol</strong></span> <span class='ocrx_word' id='word_1_226' title='bbox 1256 2699 1366 2759; x_wconf 80' lang='lat' dir='ltr'><strong>oestimo</strong></span> <span class='ocrx_word' id='word_1_227' title='bbox 1380 2703 1426 2760; x_wconf 81' lang='lat' dir='ltr'><strong>rel</strong></span> <span class='ocrx_word' id='word_1_228' title='bbox 1438 2699 1580 2762; x_wconf 74' lang='lat' dir='ltr'><strong>existimo.</strong></span> 
     </span>
     <span class='ocr_line' id='line_1_21' title="bbox 176 2795 1581 2888; baseline 0.002 -26"><span class='ocrx_word' id='word_1_229' title='bbox 176 2815 285 2864; x_wconf 73' lang='lat' dir='ltr'><strong>tamen.</strong></span> <span class='ocrx_word' id='word_1_230' title='bbox 302 2803 381 2864; x_wconf 76' lang='lat' dir='ltr'><strong>abest</strong></span> <span class='ocrx_word' id='word_1_231' title='bbox 395 2804 475 2868; x_wconf 86' lang='lat' dir='ltr'><strong>Leid.</strong></span> <span class='ocrx_word' id='word_1_232' title='bbox 493 2805 521 2870; x_wconf 82' lang='lat' dir='ltr'><strong>b,</strong></span> <span class='ocrx_word' id='word_1_233' title='bbox 538 2827 566 2888; x_wconf 87' lang='lat' dir='ltr'><strong>g.</strong></span> <span class='ocrx_word' id='word_1_234' title='bbox 587 2805 617 2864; x_wconf 92' lang='lat' dir='ltr'><strong>h.</strong></span> <span class='ocrx_word' id='word_1_235' title='bbox 635 2806 729 2866; x_wconf 81' lang='lat' dir='ltr'><strong>abfuit</strong></span> <span class='ocrx_word' id='word_1_236' title='bbox 743 2828 859 2886; x_wconf 86' lang='lat' dir='ltr'><strong>quoque</strong></span> <span class='ocrx_word' id='word_1_237' title='bbox 879 2808 1024 2886; x_wconf 89' lang='lat' dir='ltr'><strong>primitus.</strong></span> <span class='ocrx_word' id='word_1_238' title='bbox 1044 2806 1145 2864; x_wconf 83' lang='lat' dir='ltr'><strong>lleuss.</strong></span> <span class='ocrx_word' id='word_1_239' title='bbox 1166 2804 1228 2862; x_wconf 79' lang='lat' dir='ltr'><strong>Bas.</strong></span> <span class='ocrx_word' id='word_1_240' title='bbox 1246 2824 1274 2863; x_wconf 69' lang='grc' dir='ltr'><strong>ι.</strong></span> <span class='ocrx_word' id='word_1_241' title='bbox 1287 2805 1441 2880; x_wconf 63' lang='lat' dir='ltr'><strong>struatur.</strong></span> <span class='ocrx_word' id='word_1_242' title='bbox 1464 2795 1544 2865; x_wconf 79' lang='lat' dir='ltr'><strong>Leid.</strong></span> <span class='ocrx_word' id='word_1_243' title='bbox 1557 2809 1581 2865; x_wconf 79' lang='grc' dir='ltr'><strong>ϊ.</strong></span> 
     </span>
     <span class='ocr_line' id='line_1_22' title="bbox 175 2909 1579 2996; baseline 0.003 -28"><span class='ocrx_word' id='word_1_244' title='bbox 175 2909 205 2968; x_wconf 84' lang='grc' dir='ltr'><strong>Ιι.</strong></span> <span class='ocrx_word' id='word_1_245' title='bbox 228 2929 338 2987; x_wconf 74' lang='lat' dir='ltr'><strong>magno</strong></span> <span class='ocrx_word' id='word_1_246' title='bbox 349 2909 524 2988; x_wconf 73' lang='lat' dir='ltr'><strong>scriptorum</strong></span> <span class='ocrx_word' id='word_1_247' title='bbox 542 2911 671 2991; x_wconf 77' lang='lat' dir='ltr'><strong>ingenia.</strong></span> <span class='ocrx_word' id='word_1_248' title='bbox 692 2911 772 2970; x_wconf 87' lang='lat' dir='ltr'><strong>Leid.</strong></span> <span class='ocrx_word' id='word_1_249' title='bbox 789 2931 816 2970; x_wconf 82' lang='lat' dir='ltr'><strong>a.</strong></span> <span class='ocrx_word' id='word_1_250' title='bbox 839 2911 922 2969; x_wconf 82' lang='lat' dir='ltr'><strong>Paris.</strong></span> <span class='ocrx_word' id='word_1_251' title='bbox 935 2933 962 2971; x_wconf 86' lang='lat' dir='ltr'><strong>o.</strong></span> <span class='ocrx_word' id='word_1_252' title='bbox 983 2911 1052 2969; x_wconf 85' lang='lat' dir='ltr'><strong>Tur.</strong></span> <span class='ocrx_word' id='word_1_253' title='bbox 1066 2930 1093 2969; x_wconf 86' lang='lat'><strong>2.</strong></span> <span class='ocrx_word' id='word_1_254' title='bbox 1114 2909 1212 2968; x_wconf 79' lang='lat' dir='ltr'><strong>Guelf.</strong></span> <span class='ocrx_word' id='word_1_255' title='bbox 1236 2910 1265 2968; x_wconf 88' lang='lat'><strong>8.</strong></span> <span class='ocrx_word' id='word_1_256' title='bbox 1284 2931 1314 2990; x_wconf 84' lang='lat'><strong>9.</strong></span> <span class='ocrx_word' id='word_1_257' title='bbox 1333 2931 1378 2968; x_wconf 89' lang='lat'><strong>11.</strong></span> <span class='ocrx_word' id='word_1_258' title='bbox 1400 2911 1486 2970; x_wconf 85' lang='lat' dir='ltr'><strong>Mart.</strong></span> <span class='ocrx_word' id='word_1_259' title='bbox 1507 2912 1579 2996; x_wconf 84' lang='lat' dir='ltr'><strong>Reg.</strong></span> 
     </span>
     <span class='ocr_line' id='line_1_23' title="bbox 174 3012 1582 3095; baseline 0.001 -23"><span class='ocrx_word' id='word_1_260' title='bbox 174 3012 286 3072; x_wconf 78' lang='lat' dir='ltr'><strong>Arond.</strong></span> <span class='ocrx_word' id='word_1_261' title='bbox 302 3035 326 3072; x_wconf 86' lang='lat'><strong>1.</strong></span> <span class='ocrx_word' id='word_1_262' title='bbox 341 3033 368 3071; x_wconf 74' lang='grc' dir='ltr'><strong>ι.</strong></span> <span class='ocrx_word' id='word_1_263' title='bbox 388 3024 476 3093; x_wconf 77' lang='lat' dir='ltr'><strong>scrpl.</strong></span> <span class='ocrx_word' id='word_1_264' title='bbox 488 3036 526 3072; x_wconf 87' lang='lat' dir='ltr'><strong>m.</strong></span> <span class='ocrx_word' id='word_1_265' title='bbox 543 3016 603 3095; x_wconf 79' lang='lat' dir='ltr'><strong>ing.</strong></span> <span class='ocrx_word' id='word_1_266' title='bbox 626 3016 684 3074; x_wconf 80' lang='lat' dir='ltr'><strong>Pal.</strong></span> <span class='ocrx_word' id='word_1_267' title='bbox 704 3037 748 3074; x_wconf 90' lang='grc' dir='ltr'><strong>ιι.</strong></span> <span class='ocrx_word' id='word_1_268' title='bbox 771 3037 815 3074; x_wconf 85' lang='lat'><strong>12.</strong></span> <span class='ocrx_word' id='word_1_269' title='bbox 837 3035 948 3094; x_wconf 81' lang='lat' dir='ltr'><strong>magna</strong></span> <span class='ocrx_word' id='word_1_270' title='bbox 960 3025 988 3074; x_wconf 82' lang='lat' dir='ltr'><strong>et</strong></span> <span class='ocrx_word' id='word_1_271' title='bbox 999 3013 1086 3074; x_wconf 82' lang='lat' dir='ltr'><strong>varia</strong></span> <span class='ocrx_word' id='word_1_272' title='bbox 1100 3013 1161 3091; x_wconf 80' lang='lat' dir='ltr'><strong>ing.</strong></span> <span class='ocrx_word' id='word_1_273' title='bbox 1172 3022 1261 3092; x_wconf 79' lang='lat' dir='ltr'><strong>sorpt.</strong></span> <span class='ocrx_word' id='word_1_274' title='bbox 1282 3013 1368 3072; x_wconf 86' lang='lat' dir='ltr'><strong>Bem.</strong></span> <span class='ocrx_word' id='word_1_275' title='bbox 1384 3035 1412 3074; x_wconf 75' lang='grc' dir='ltr'><strong>ι.</strong></span> <span class='ocrx_word' id='word_1_276' title='bbox 1434 3036 1474 3073; x_wconf 90' lang='lat' dir='ltr'><strong>m.</strong></span> <span class='ocrx_word' id='word_1_277' title='bbox 1487 3015 1582 3076; x_wconf 76' lang='lat' dir='ltr'><strong>imsc.</strong></span> 
     </span>
     <span class='ocr_line' id='line_1_24' title="bbox 175 3116 1578 3201; baseline 0.001 -23"><span class='ocrx_word' id='word_1_278' title='bbox 175 3119 235 3179; x_wconf 81' lang='lat' dir='ltr'><strong>Pal.</strong></span> <span class='ocrx_word' id='word_1_279' title='bbox 248 3118 276 3188; x_wconf 93' lang='grc'><strong>4.</strong></span> <span class='ocrx_word' id='word_1_280' title='bbox 298 3117 396 3178; x_wconf 79' lang='lat' dir='ltr'><strong>Guelr.</strong></span> <span class='ocrx_word' id='word_1_281' title='bbox 411 3117 440 3178; x_wconf 76' lang='grc' dir='ltr'><strong>ὅ.</strong></span> <span class='ocrx_word' id='word_1_282' title='bbox 462 3118 523 3177; x_wconf 85' lang='lat' dir='ltr'><strong>Bas.</strong></span> <span class='ocrx_word' id='word_1_283' title='bbox 534 3122 563 3190; x_wconf 90' lang='grc'><strong>4.</strong></span> <span class='ocrx_word' id='word_1_284' title='bbox 585 3120 663 3179; x_wconf 87' lang='lat' dir='ltr'><strong>unde</strong></span> <span class='ocrx_word' id='word_1_285' title='bbox 676 3120 779 3201; x_wconf 74' lang='lat' dir='ltr'><strong>aliquis</strong></span> <span class='ocrx_word' id='word_1_286' title='bbox 800 3119 975 3199; x_wconf 81' lang='lat' dir='ltr'><strong>scriptorum</strong></span> <span class='ocrx_word' id='word_1_287' title='bbox 992 3130 1159 3199; x_wconf 84' lang='lat' dir='ltr'><strong>suspectum</strong></span> <span class='ocrx_word' id='word_1_288' title='bbox 1174 3116 1324 3191; x_wconf 83' lang='lat' dir='ltr'><strong>habuerit,</strong></span> <span class='ocrx_word' id='word_1_289' title='bbox 1339 3119 1474 3179; x_wconf 80' lang='lat' dir='ltr'><strong>additum</strong></span> <span class='ocrx_word' id='word_1_290' title='bbox 1492 3121 1578 3180; x_wconf 81' lang='lat' dir='ltr'><strong>etium</strong></span> 
     </span>
     <span class='ocr_line' id='line_1_25' title="bbox 174 3221 1581 3304; baseline -0.001 -19"><span class='ocrx_word' id='word_1_291' title='bbox 174 3225 262 3285; x_wconf 81' lang='lat' dir='ltr'><strong>iufra.</strong></span> <span class='ocrx_word' id='word_1_292' title='bbox 274 3222 354 3281; x_wconf 84' lang='lat' dir='ltr'><strong>Leid.</strong></span> <span class='ocrx_word' id='word_1_293' title='bbox 372 3222 402 3280; x_wconf 87' lang='lat' dir='ltr'><strong>h.</strong></span> <span class='ocrx_word' id='word_1_294' title='bbox 418 3222 479 3282; x_wconf 77' lang='lat' dir='ltr'><strong>Bas.</strong></span> <span class='ocrx_word' id='word_1_295' title='bbox 491 3224 519 3293; x_wconf 95' lang='grc'><strong>4.</strong></span> <span class='ocrx_word' id='word_1_296' title='bbox 534 3223 602 3283; x_wconf 87' lang='grc' dir='ltr'><strong>Τιιι.</strong></span> <span class='ocrx_word' id='word_1_297' title='bbox 617 3245 644 3284; x_wconf 90' lang='lat'><strong>2.</strong></span> <span class='ocrx_word' id='word_1_298' title='bbox 667 3225 717 3302; x_wconf 81' lang='lat' dir='ltr'><strong>qui</strong></span> <span class='ocrx_word' id='word_1_299' title='bbox 726 3226 836 3302; x_wconf 74' lang='lat' dir='ltr'><strong>secere.</strong></span> <span class='ocrx_word' id='word_1_300' title='bbox 858 3223 977 3282; x_wconf 81' lang='lat' dir='ltr'><strong>Eceord.</strong></span> <span class='ocrx_word' id='word_1_301' title='bbox 993 3223 1072 3281; x_wconf 77' lang='lat' dir='ltr'><strong>Leio.</strong></span> <span class='ocrx_word' id='word_1_302' title='bbox 1090 3246 1116 3283; x_wconf 90' lang='lat' dir='ltr'><strong>c.</strong></span> <span class='ocrx_word' id='word_1_303' title='bbox 1129 3221 1160 3281; x_wconf 96' lang='lat' dir='ltr'><strong>h.</strong></span> <span class='ocrx_word' id='word_1_304' title='bbox 1187 3223 1247 3299; x_wconf 79' lang='grc' dir='ltr'><strong>ΕιΙ.</strong></span> <span class='ocrx_word' id='word_1_305' title='bbox 1266 3223 1335 3304; x_wconf 84' lang='lat' dir='ltr'><strong>Teg.</strong></span> <span class='ocrx_word' id='word_1_306' title='bbox 1354 3223 1423 3283; x_wconf 81' lang='lat' dir='ltr'><strong>Tur.</strong></span> <span class='ocrx_word' id='word_1_307' title='bbox 1447 3245 1473 3282; x_wconf 91' lang='grc' dir='ltr'><strong>ι.</strong></span> <span class='ocrx_word' id='word_1_308' title='bbox 1493 3228 1581 3285; x_wconf 82' lang='lat' dir='ltr'><strong>ceteri</strong></span> 
     </span>
     <span class='ocr_line' id='line_1_26' title="bbox 172 3327 1579 3407; baseline 0.001 -18"><span class='ocrx_word' id='word_1_309' title='bbox 172 3349 210 3389; x_wconf 80' lang='lat' dir='ltr'><strong>eo</strong></span> <span class='ocrx_word' id='word_1_310' title='bbox 229 3337 394 3388; x_wconf 82' lang='lat' dir='ltr'><strong>constanter</strong></span> <span class='ocrx_word' id='word_1_311' title='bbox 410 3330 545 3387; x_wconf 85' lang='lat' dir='ltr'><strong>retinent.</strong></span> <span class='ocrx_word' id='word_1_312' title='bbox 566 3329 616 3407; x_wconf 78' lang='lat' dir='ltr'><strong>qui</strong></span> <span class='ocrx_word' id='word_1_313' title='bbox 625 3330 715 3405; x_wconf 81' lang='lat' dir='ltr'><strong>soom</strong></span> <span class='ocrx_word' id='word_1_314' title='bbox 724 3331 835 3405; x_wconf 71' lang='lat' dir='ltr'><strong>ficere.</strong></span> <span class='ocrx_word' id='word_1_315' title='bbox 857 3328 955 3387; x_wconf 81' lang='lat' dir='ltr'><strong>Guels.</strong></span> <span class='ocrx_word' id='word_1_316' title='bbox 969 3327 999 3388; x_wconf 73' lang='grc' dir='ltr'><strong>ὅ.</strong></span> <span class='ocrx_word' id='word_1_317' title='bbox 1019 3329 1164 3404; x_wconf 75' lang='lat' dir='ltr'><strong>essarto.</strong></span> <span class='ocrx_word' id='word_1_318' title='bbox 1185 3327 1254 3386; x_wconf 84' lang='lat' dir='ltr'><strong>Tur.</strong></span> <span class='ocrx_word' id='word_1_319' title='bbox 1274 3347 1301 3391; x_wconf 75' lang='grc' dir='ltr'><strong>ι.</strong></span> <span class='ocrx_word' id='word_1_320' title='bbox 1322 3328 1459 3403; x_wconf 78' lang='lat' dir='ltr'><strong>eosaota</strong></span> <span class='ocrx_word' id='word_1_321' title='bbox 1474 3329 1579 3390; x_wconf 75' lang='lat' dir='ltr'><strong>verbis.</strong></span> 
     </span>
     <span class='ocr_line' id='line_1_27' title="bbox 172 3431 1578 3514; baseline 0.001 -20"><span class='ocrx_word' id='word_1_322' title='bbox 172 3435 259 3494; x_wconf 82' lang='lat' dir='ltr'><strong>Puris.</strong></span> <span class='ocrx_word' id='word_1_323' title='bbox 273 3454 298 3492; x_wconf 87' lang='lat' dir='ltr'><strong>e.</strong></span> <span class='ocrx_word' id='word_1_324' title='bbox 319 3449 354 3492; x_wconf 85' lang='lat' dir='ltr'><strong>en</strong></span> <span class='ocrx_word' id='word_1_325' title='bbox 373 3433 475 3494; x_wconf 77' lang='lat' dir='ltr'><strong>verbis</strong></span> <span class='ocrx_word' id='word_1_326' title='bbox 497 3433 576 3492; x_wconf 87' lang='lat' dir='ltr'><strong>Leid.</strong></span> <span class='ocrx_word' id='word_1_327' title='bbox 588 3455 615 3498; x_wconf 83' lang='lat' dir='ltr'><strong>a.</strong></span> <span class='ocrx_word' id='word_1_328' title='bbox 628 3434 657 3491; x_wconf 90' lang='lat' dir='ltr'><strong>b.</strong></span> <span class='ocrx_word' id='word_1_329' title='bbox 668 3456 694 3492; x_wconf 90' lang='lat' dir='ltr'><strong>c.</strong></span> <span class='ocrx_word' id='word_1_330' title='bbox 709 3433 739 3490; x_wconf 83' lang='lat' dir='ltr'><strong>d.</strong></span> <span class='ocrx_word' id='word_1_331' title='bbox 753 3455 778 3491; x_wconf 84' lang='lat' dir='ltr'><strong>e.</strong></span> <span class='ocrx_word' id='word_1_332' title='bbox 800 3435 819 3491; x_wconf 84' lang='lat' dir='ltr'><strong>f.</strong></span> <span class='ocrx_word' id='word_1_333' title='bbox 833 3431 864 3490; x_wconf 91' lang='lat' dir='ltr'><strong>h.</strong></span> <span class='ocrx_word' id='word_1_334' title='bbox 886 3433 986 3492; x_wconf 80' lang='lat' dir='ltr'><strong>Vinar.</strong></span> <span class='ocrx_word' id='word_1_335' title='bbox 1003 3454 1029 3491; x_wconf 92' lang='grc' dir='ltr'><strong>ι.</strong></span> <span class='ocrx_word' id='word_1_336' title='bbox 1051 3432 1190 3514; x_wconf 78' lang='lat' dir='ltr'><strong>Erl.&#39;leg.</strong></span> <span class='ocrx_word' id='word_1_337' title='bbox 1207 3431 1269 3490; x_wconf 82' lang='lat' dir='ltr'><strong>Bas.</strong></span> <span class='ocrx_word' id='word_1_338' title='bbox 1289 3453 1314 3490; x_wconf 90' lang='lat'><strong>1.</strong></span> <span class='ocrx_word' id='word_1_339' title='bbox 1334 3453 1362 3492; x_wconf 77' lang='grc' dir='ltr'><strong>ι.</strong></span> <span class='ocrx_word' id='word_1_340' title='bbox 1374 3432 1403 3493; x_wconf 78' lang='lat'><strong>3.</strong></span> <span class='ocrx_word' id='word_1_341' title='bbox 1424 3434 1492 3494; x_wconf 85' lang='lat' dir='ltr'><strong>Tur.</strong></span> <span class='ocrx_word' id='word_1_342' title='bbox 1505 3455 1531 3498; x_wconf 87' lang='grc' dir='ltr'><strong>ι.</strong></span> <span class='ocrx_word' id='word_1_343' title='bbox 1550 3455 1578 3495; x_wconf 83' lang='lat'><strong>2·</strong></span> 
     </span>
     <span class='ocr_line' id='line_1_28' title="bbox 171 3523 1664 3614; baseline 0.001 -16"><span class='ocrx_word' id='word_1_344' title='bbox 171 3539 258 3598; x_wconf 84' lang='lat' dir='ltr'><strong>Beru.</strong></span> <span class='ocrx_word' id='word_1_345' title='bbox 274 3559 300 3597; x_wconf 89' lang='grc' dir='ltr'><strong>ι.</strong></span> <span class='ocrx_word' id='word_1_346' title='bbox 315 3537 344 3598; x_wconf 81' lang='lat'><strong>3.</strong></span> <span class='ocrx_word' id='word_1_347' title='bbox 365 3537 541 3598; x_wconf 66' lang='lat' dir='ltr'><strong>verbascum.</strong></span> <span class='ocrx_word' id='word_1_348' title='bbox 563 3537 675 3597; x_wconf 83' lang='lat' dir='ltr'><strong>Fabric.</strong></span> <span class='ocrx_word' id='word_1_349' title='bbox 691 3559 716 3597; x_wconf 86' lang='lat'><strong>1.</strong></span> <span class='ocrx_word' id='word_1_350' title='bbox 738 3537 941 3598; x_wconf 72' lang='lat' dir='ltr'><strong>euersum.</strong></span> <span class='ocrx_word' id='word_1_351' title='bbox 971 3536 1108 3597; x_wconf 69' lang='lat' dir='ltr'><strong>extollere</strong></span> <span class='ocrx_word' id='word_1_352' title='bbox 1118 3538 1278 3614; x_wconf 77' lang='lat' dir='ltr'><strong>mmsarta</strong></span> <span class='ocrx_word' id='word_1_353' title='bbox 1294 3538 1397 3598; x_wconf 72' lang='lat' dir='ltr'><strong>verbu.</strong></span> <span class='ocrx_word' id='word_1_354' title='bbox 1420 3537 1480 3598; x_wconf 87' lang='lat' dir='ltr'><strong>Bas.</strong></span> <span class='ocrx_word' id='word_1_355' title='bbox 1495 3541 1524 3609; x_wconf 90' lang='grc'><strong>4.</strong></span> <span class='ocrx_word' id='word_1_356' title='bbox 1546 3523 1581 3599; x_wconf 72' lang='lat' dir='ltr'><strong>eu</strong></span> <span class='ocrx_word' id='word_1_357' title='bbox 1662 3597 1664 3599; x_wconf 81' lang='grc'><em>,</em></span> 
     </span>
     <span class='ocr_line' id='line_1_29' title="bbox 168 3641 1577 3726; baseline 0 -23"><span class='ocrx_word' id='word_1_358' title='bbox 168 3653 232 3723; x_wconf 81' lang='lat' dir='ltr'><strong>pot.</strong></span> <span class='ocrx_word' id='word_1_359' title='bbox 250 3664 297 3722; x_wconf 84' lang='lat' dir='ltr'><strong>pr.</strong></span> <span class='ocrx_word' id='word_1_360' title='bbox 315 3642 378 3723; x_wconf 82' lang='lat' dir='ltr'><strong>ing.</strong></span> <span class='ocrx_word' id='word_1_361' title='bbox 393 3662 422 3706; x_wconf 85' lang='lat' dir='ltr'><strong>v.</strong></span> <span class='ocrx_word' id='word_1_362' title='bbox 434 3662 458 3708; x_wconf 79' lang='lat' dir='ltr'><strong>e.</strong></span> <span class='ocrx_word' id='word_1_363' title='bbox 484 3641 568 3702; x_wconf 90' lang='lat' dir='ltr'><strong>Bern.</strong></span> <span class='ocrx_word' id='word_1_364' title='bbox 589 3663 616 3701; x_wconf 84' lang='lat'><strong>2.</strong></span> <span class='ocrx_word' id='word_1_365' title='bbox 637 3643 730 3701; x_wconf 74' lang='lat' dir='ltr'><strong>verbis</strong></span> <span class='ocrx_word' id='word_1_366' title='bbox 743 3661 787 3700; x_wconf 84' lang='lat' dir='ltr'><strong>ea.</strong></span> <span class='ocrx_word' id='word_1_367' title='bbox 809 3646 895 3726; x_wconf 84' lang='lat' dir='ltr'><strong>longe</strong></span> <span class='ocrx_word' id='word_1_368' title='bbox 909 3643 1041 3722; x_wconf 86' lang='lat' dir='ltr'><strong>plurimi.</strong></span> <span class='ocrx_word' id='word_1_369' title='bbox 1063 3651 1125 3700; x_wconf 81' lang='lat' dir='ltr'><strong>tom</strong></span> <span class='ocrx_word' id='word_1_370' title='bbox 1144 3642 1292 3722; x_wconf 74' lang='lat' dir='ltr'><strong>praelum</strong></span> <span class='ocrx_word' id='word_1_371' title='bbox 1310 3642 1440 3722; x_wconf 81' lang='lat' dir='ltr'><strong>ingenia.</strong></span> <span class='ocrx_word' id='word_1_372' title='bbox 1467 3644 1535 3704; x_wconf 81' lang='lat' dir='ltr'><strong>vin.</strong></span> <span class='ocrx_word' id='word_1_373' title='bbox 1552 3668 1577 3706; x_wconf 88' lang='grc' dir='ltr'><strong>ι.</strong></span> 
     </span>
     <span class='ocr_line' id='line_1_30' title="bbox 170 3745 1577 3834; baseline 0.001 -28"><span class='ocrx_word' id='word_1_374' title='bbox 170 3757 274 3806; x_wconf 66' lang='lat' dir='ltr'><strong>tarsun</strong></span> <span class='ocrx_word' id='word_1_375' title='bbox 297 3767 345 3826; x_wconf 84' lang='lat' dir='ltr'><strong>pr.</strong></span> <span class='ocrx_word' id='word_1_376' title='bbox 360 3745 402 3805; x_wconf 86' lang='lat' dir='ltr'><strong>in.</strong></span> <span class='ocrx_word' id='word_1_377' title='bbox 420 3745 501 3805; x_wconf 78' lang='lat' dir='ltr'><strong>leid.</strong></span> <span class='ocrx_word' id='word_1_378' title='bbox 516 3746 546 3805; x_wconf 90' lang='lat' dir='ltr'><strong>b.</strong></span> <span class='ocrx_word' id='word_1_379' title='bbox 568 3745 696 3806; x_wconf 67' lang='lat' dir='ltr'><strong>murima</strong></span> <span class='ocrx_word' id='word_1_380' title='bbox 709 3746 878 3826; x_wconf 83' lang='lat' dir='ltr'><strong>negotiosus.</strong></span> <span class='ocrx_word' id='word_1_381' title='bbox 899 3745 980 3806; x_wconf 83' lang='lat' dir='ltr'><strong>Leid.</strong></span> <span class='ocrx_word' id='word_1_382' title='bbox 994 3768 1021 3804; x_wconf 80' lang='lat' dir='ltr'><strong>a.</strong></span> <span class='ocrx_word' id='word_1_383' title='bbox 1035 3745 1065 3804; x_wconf 85' lang='lat' dir='ltr'><strong>b.</strong></span> <span class='ocrx_word' id='word_1_384' title='bbox 1076 3768 1102 3806; x_wconf 89' lang='lat' dir='ltr'><strong>c.</strong></span> <span class='ocrx_word' id='word_1_385' title='bbox 1115 3747 1173 3804; x_wconf 73' lang='lat' dir='ltr'><strong>el.</strong></span> <span class='ocrx_word' id='word_1_386' title='bbox 1189 3769 1218 3828; x_wconf 85' lang='lat' dir='ltr'><strong>g.</strong></span> <span class='ocrx_word' id='word_1_387' title='bbox 1236 3746 1267 3806; x_wconf 90' lang='lat' dir='ltr'><strong>h.</strong></span> <span class='ocrx_word' id='word_1_388' title='bbox 1284 3749 1305 3806; x_wconf 91' lang='lat' dir='ltr'><strong>i.</strong></span> <span class='ocrx_word' id='word_1_389' title='bbox 1320 3748 1348 3807; x_wconf 82' lang='lat' dir='ltr'><strong>k.</strong></span> <span class='ocrx_word' id='word_1_390' title='bbox 1362 3751 1384 3807; x_wconf 91' lang='lat' dir='ltr'><strong>l.</strong></span> <span class='ocrx_word' id='word_1_391' title='bbox 1415 3748 1474 3808; x_wconf 85' lang='lat' dir='ltr'><strong>Erl.</strong></span> <span class='ocrx_word' id='word_1_392' title='bbox 1508 3749 1577 3834; x_wconf 76' lang='lat' dir='ltr'><strong>Teg-</strong></span> 
     </span>
    </p>
   </div>
   <div class='ocr_carea' id='block_1_5' title="bbox 170 3835 1375 3935">
    <p class='ocr_par' dir='ltr' id='par_1_5' title="bbox 170 3835 1375 3935">
     <span class='ocr_line' id='line_1_31' title="bbox 170 3835 1375 3935; baseline -0.001 -22"><span class='ocrx_word' id='word_1_393' title='bbox 170 3851 234 3912; x_wconf 75' lang='lat' dir='ltr'><strong>Bes.</strong></span> <span class='ocrx_word' id='word_1_394' title='bbox 251 3873 277 3912; x_wconf 90' lang='grc' dir='ltr'><strong>ι.</strong></span> <span class='ocrx_word' id='word_1_395' title='bbox 289 3835 362 3913; x_wconf 63' lang='grc' dir='ltr'><strong>ι.’3.</strong></span> <span class='ocrx_word' id='word_1_396' title='bbox 382 3849 450 3910; x_wconf 85' lang='grc' dir='ltr'><strong>Τιιι.</strong></span> <span class='ocrx_word' id='word_1_397' title='bbox 471 3872 496 3910; x_wconf 92' lang='grc' dir='ltr'><strong>ι.</strong></span> <span class='ocrx_word' id='word_1_398' title='bbox 518 3871 545 3910; x_wconf 79' lang='grc' dir='ltr'><strong>ι.</strong></span> <span class='ocrx_word' id='word_1_399' title='bbox 565 3849 650 3910; x_wconf 86' lang='lat' dir='ltr'><strong>Beru.</strong></span> <span class='ocrx_word' id='word_1_400' title='bbox 672 3872 696 3909; x_wconf 91' lang='lat'><strong>1.</strong></span> <span class='ocrx_word' id='word_1_401' title='bbox 713 3871 740 3910; x_wconf 87' lang='lat'><strong>2.</strong></span> <span class='ocrx_word' id='word_1_402' title='bbox 762 3850 907 3927; x_wconf 71' lang='lat' dir='ltr'><strong>beneficia.</strong></span> <span class='ocrx_word' id='word_1_403' title='bbox 928 3847 1175 3915; x_wconf 78' lang='lat' dir='ltr'><strong>Leid.h.Fabric.</strong></span> <span class='ocrx_word' id='word_1_404' title='bbox 1193 3863 1286 3934; x_wconf 85' lang='lat' dir='ltr'><strong>uterq.</strong></span> <span class='ocrx_word' id='word_1_405' title='bbox 1307 3852 1375 3935; x_wconf 66' lang='grc' dir='ltr'><strong>Τις.</strong></span> 
     </span>
    </p>
   </div>
   <div class='ocr_carea' id='block_1_6' title="bbox 170 3992 1578 4186">
    <p class='ocr_par' dir='ltr' id='par_1_6' title="bbox 170 3992 1578 4186">
     <span class='ocr_line' id='line_1_32' title="bbox 236 3992 1576 4084; baseline 0.004 -30"><span class='ocrx_word' id='word_1_406' title='bbox 236 3992 308 4075; x_wconf 80' lang='lat' dir='ltr'><strong>Cap.</strong></span> <span class='ocrx_word' id='word_1_407' title='bbox 331 4017 360 4076; x_wconf 87' lang='lat'><strong>9.</strong></span> <span class='ocrx_word' id='word_1_408' title='bbox 382 3994 564 4055; x_wconf 77' lang='lat' dir='ltr'><strong>celebrantur</strong></span> <span class='ocrx_word' id='word_1_409' title='bbox 577 4016 633 4075; x_wconf 82' lang='lat' dir='ltr'><strong>pro</strong></span> <span class='ocrx_word' id='word_1_410' title='bbox 654 3996 742 4061; x_wconf 76' lang='lat' dir='ltr'><strong>colob.</strong></span> <span class='ocrx_word' id='word_1_411' title='bbox 763 3994 843 4056; x_wconf 86' lang='lat' dir='ltr'><strong>Leid.</strong></span> <span class='ocrx_word' id='word_1_412' title='bbox 858 3996 888 4055; x_wconf 91' lang='lat' dir='ltr'><strong>d.</strong></span> <span class='ocrx_word' id='word_1_413' title='bbox 907 3993 938 4055; x_wconf 90' lang='lat' dir='ltr'><strong>h.</strong></span> <span class='ocrx_word' id='word_1_414' title='bbox 960 3994 1026 4056; x_wconf 80' lang='lat' dir='ltr'><strong>Eoo.</strong></span> <span class='ocrx_word' id='word_1_415' title='bbox 1047 3995 1184 4058; x_wconf 74' lang='lat' dir='ltr'><strong>avaritia.</strong></span> <span class='ocrx_word' id='word_1_416' title='bbox 1207 3998 1325 4076; x_wconf 81' lang='lat' dir='ltr'><strong>(omisso</strong></span> <span class='ocrx_word' id='word_1_417' title='bbox 1342 4001 1425 4084; x_wconf 79' lang='lat' dir='ltr'><strong>erat.)</strong></span> <span class='ocrx_word' id='word_1_418' title='bbox 1446 3999 1527 4061; x_wconf 69' lang='lat' dir='ltr'><strong>[eid.</strong></span> <span class='ocrx_word' id='word_1_419' title='bbox 1545 4000 1576 4066; x_wconf 88' lang='lat' dir='ltr'><strong>h.</strong></span> 
     </span>
     <span class='ocr_line' id='line_1_33' title="bbox 170 4093 1578 4186; baseline 0.006 -28"><span class='ocrx_word' id='word_1_420' title='bbox 170 4099 361 4176; x_wconf 78' lang='lat' dir='ltr'><strong>r&#39;ros,simult.</strong></span> <span class='ocrx_word' id='word_1_421' title='bbox 381 4099 505 4160; x_wconf 87' lang='lat' dir='ltr'><strong>Bern.1.</strong></span> <span class='ocrx_word' id='word_1_422' title='bbox 526 4100 594 4160; x_wconf 84' lang='lat' dir='ltr'><strong>Sen.</strong></span> <span class='ocrx_word' id='word_1_423' title='bbox 612 4122 636 4160; x_wconf 84' lang='lat'><strong>1.</strong></span> <span class='ocrx_word' id='word_1_424' title='bbox 659 4101 718 4165; x_wconf 82' lang='lat' dir='ltr'><strong>Pal.</strong></span> <span class='ocrx_word' id='word_1_425' title='bbox 731 4093 781 4162; x_wconf 76' lang='grc' dir='ltr'><strong>ιι.</strong></span> <span class='ocrx_word' id='word_1_426' title='bbox 802 4100 963 4178; x_wconf 60' lang='lat' dir='ltr'><strong>bubonum</strong></span> <span class='ocrx_word' id='word_1_427' title='bbox 977 4101 1066 4180; x_wconf 65' lang='lat' dir='ltr'><strong>apul.</strong></span> <span class='ocrx_word' id='word_1_428' title='bbox 1088 4101 1186 4162; x_wconf 82' lang='lat' dir='ltr'><strong>Guelf.</strong></span> <span class='ocrx_word' id='word_1_429' title='bbox 1200 4104 1230 4164; x_wconf 89' lang='lat'><strong>8.</strong></span> <span class='ocrx_word' id='word_1_430' title='bbox 1244 4125 1275 4184; x_wconf 86' lang='lat'><strong>9.</strong></span> <span class='ocrx_word' id='word_1_431' title='bbox 1290 4125 1336 4166; x_wconf 84' lang='lat' dir='ltr'><strong>ro.</strong></span> <span class='ocrx_word' id='word_1_432' title='bbox 1357 4104 1456 4166; x_wconf 83' lang='lat' dir='ltr'><strong>Pemb.</strong></span> <span class='ocrx_word' id='word_1_433' title='bbox 1467 4105 1578 4186; x_wconf 77' lang='lat' dir='ltr'><strong>insup·</strong></span> 
     </span>
    </p>
   </div>
   <div class='ocr_carea' id='block_1_7' title="bbox 1156 4207 1174 4242">
    <p class='ocr_par' dir='ltr' id='par_1_7' title="bbox 1156 4207 1174 4242">
     <span class='ocr_line' id='line_1_34' title="bbox 1156 4207 1174 4242; baseline 0 -10"><span class='ocrx_word' id='word_1_434' title='bbox 1156 4207 1174 4242; x_wconf 60' lang='grc' dir='ltr'><em>ῃ</em></span> 
     </span>
    </p>
   </div>
   <div class='ocr_carea' id='block_1_8' title="bbox 0 0 1930 4867">
    <p class='ocr_par' dir='ltr' id='par_1_8' title="bbox 0 0 1930 4867">
     <span class='ocr_line' id='line_1_35' title="bbox 0 0 1930 4867; baseline 0 7"><span class='ocrx_word' id='word_1_435' title='bbox 0 0 1930 4867; x_wconf 95' lang='lat' dir='ltr'><strong> </strong></span> 
     </span>
    </p>
   </div>
  </div>
 </body>
</html>
