3850 4867
421 264 494 359 254

419 444 558 549 reliqui
583 463 713 535 erant,
739 474 808 551 per
828 472 978 521 summa
1000 445 1142 551 flagitia
1163 443 1462 523 detrectantibus
1484 444 1683 536 militiam,
1706 444 1800 541 Qua„-

417 589 557 647 uorem
574 598 688 647 suum
709 574 747 647 C.
762 571 1022 659 Thoranium,
1034 596 1081 645 ex
1096 596 1176 673 quo
1188 586 1470 675 praesentarem
1483 570 1680 648 facillume
1693 594 1800 643 nosce

419 712 515 785 rent,
538 694 562 751 ‘i'
586 694 610 749 ³³
633 694 657 749 *¹
681 695 706 749 ''ss
732 694 1018 783 commiserant,
1042 708 1082 769 et
1100 710 1228 776 tamen
1242 694 1397 771 interim
1419 720 1509 769 cum
1523 694 1804 770 volentibusnu·

418 846 521 897 mero
538 836 716 923 quatuor.
734 876 784 894 ...
1317 822 1323 830 '

473 948 551 1042 167.
576 944 599 996 ³<
629 942 755 1046 ingre,
790 958 895 1018 tante
931 940 1029 1018 setui
1063 940 1321 1033 debacrittur,
1344 941 1558 1019 nefandum
1590 944 1633 1019 in
1666 945 1804 1020 modum

419 1092 591 1172 perverso
610 1066 764 1142 volnere
777 1081 815 1141 et
826 1064 1022 1141 interdum
1040 1065 1209 1142 lacerum
1221 1093 1359 1171 corpus
1368 1068 1638 1144 semianimum
1649 1070 1804 1145 omitten·
1858 1055 1859 1064 ἵ

420 1208 492 1283 tes,
517 1190 583 1267 alii
603 1190 646 1266 in
669 1204 765 1265 tecta
782 1188 978 1267 iaciebant
996 1190 1109 1292 ignis,
1136 1190 1326 1293 multique
1344 1218 1390 1267 ex
1408 1191 1491 1268 loco
1511 1193 1626 1285 servi,
1651 1176 1744 1299 quos
1759 1195 1805 1269 in-

419 1315 575 1421 genium
603 1313 721 1390 socios
746 1311 885 1404 dabat,
912 1312 1042 1389 abdita
1066 1340 1088 1387 a
1110 1314 1299 1405 dominis,
1332 1332 1400 1390 aut
1428 1317 1540 1421 ipsos-
1557 1317 1806 1395 trahebantur

421 1438 590 1527 occulto,
613 1462 739 1539 neque
759 1452 935 1511 sanctum
954 1452 1024 1512 aut
1044 1438 1258 1513 nefandum
1278 1442 1488 1543 quicquam
1509 1441 1586 1517 fuit
1608 1444 1674 1519 irae
1690 1444 1808 1519 barba·

422 1588 554 1636 rorum
573 1576 612 1634 et
632 1558 757 1634 servili
780 1560 952 1664 ingenio:
969 1587 1055 1663 quae
1074 1562 1275 1664 Spartacus
1295 1566 1479 1667 nequiens
1494 1564 1712 1670 probibere,
1727 1568 1809 1644 mul·

423 1687 469 1761 tis
490 1684 665 1787 precibus
685 1712 803 1786 quom
828 1700 971 1773 oraret,
997 1684 1187 1761 celeritate
1212 1704 1434 1793 praeuertere
1454 1692 1626 1767 nuncios.
1858 1703 1859 1706 ’

478 1811 556 1882 168.
581 1806 739 1908 Aliquot
757 1806 835 1882 dies
859 1823 993 1882 contra
1010 1836 1159 1885 morem
1178 1808 1318 1887 fiducia
1336 1814 1466 1916 augeri
1488 1817 1624 1891 nostris
1646 1820 1759 1927 coepit
1779 1836 1809 1895 et
1858 1823 1859 1826 ’

423 1930 549 2037 promi
569 1930 710 2034 lingua.
755 1930 844 2026 Qua
861 1929 1045 2007 Varinius
1065 1948 1198 2007 contra
1228 1951 1435 2037 spectatam
1464 1966 1546 2013 rem
1569 1940 1723 2018 incaute
1744 1970 1808 2018 mo
1858 1939 1859 2028 l

425 2074 503 2144 tus,
532 2079 647 2130 novos
670 2053 958 2157 incognitosque
978 2069 1017 2128 et
1032 2053 1198 2129 aliorum
1220 2058 1366 2133 casibus
1382 2061 1573 2163 perculsos
1594 2064 1732 2144 milites
1750 2068 1803 2142 du·
1858 2043 1859 2050 ἵ

421 2180 481 2255 cit
501 2196 630 2255 tamen
647 2176 698 2251 ad
718 2192 839 2253 castra
853 2175 1123 2281 fugitivorum
1146 2204 1272 2282 presso
1291 2182 1416 2287 gradu
1436 2185 1580 2264 silentis
1600 2188 1688 2282 iam,
1702 2220 1808 2297 noque

424 2320 504 2377 tam
529 2300 728 2404 magnifice
751 2300 933 2373 sumentis
954 2300 1133 2404 praelium
1156 2330 1274 2405 quam
1289 2308 1583 2408 postulaverant
1616 2318 1740 2419 Atque
1761 2316 1807 2390 illi

424 2425 625 2503 certamini
646 2422 787 2498 conscii
804 2423 905 2497 inter
921 2450 960 2499 se
983 2425 1089 2499 iuxta
1113 2426 1338 2503 seditionem
1361 2448 1493 2522 erant,
1516 2436 1630 2513 Crixo
1652 2456 1691 2513 et
1706 2441 1807 2546 gentis

425 2548 594 2625 eiusdem
619 2546 741 2621 Gallis
762 2563 800 2621 et
817 2546 1020 2621 Germanis
1043 2548 1195 2623 obviam
1215 2551 1287 2641 im,
1313 2570 1351 2627 et
1376 2555 1480 2632 ultro
1498 2558 1633 2639 offerre
1655 2590 1806 2670 pugnam
1858 2591 1859 2672 3

425 2671 670 2775 cupientibus
696 2684 829 2745 contra
848 2672 1106 2774 Spartacum.
1135 2729 1143 2747 .
1170 2731 1177 2746 .
1203 2730 1212 2747 .
1858 2675 1859 2678 ’

477 2798 559 2891 ²69·
583 2794 736 2895 Magnis
764 2794 936 2896 operibus
959 2802 1203 2872 communita.
1240 2800 1391 2877 Deinde
1413 2804 1580 2909 fugitivi,
1605 2811 1806 2909 consumptis

426 2919 503 2993 iam
522 2917 712 2993 alimentis
731 2944 780 2991 ne
800 2916 1066 3019 praedantibus
1086 2944 1133 2993 ex
1152 2921 1370 3026 propinquo
1388 2928 1504 3003 bostis
1525 2930 1683 3009 instaret
1699 2935 1806 3011 solitas
1858 2925 1859 3018 J

470 3143 535 3207 166.
556 3141 591 3201 ni
604 3142 719 3223 iorrcae
743 3139 803 3217 quit
817 3148 926 3218 proter
945 3158 1027 3203 s....
1043 3139 1117 3201 ciem
1137 3140 1212 3203 bello
1235 3146 1405 3207 noonsortb.
1419 3186 1463 3203 -·
1489 3150 1659 3239 niterentur
1675 3160 1715 3217 nd
1737 3158 1804 3238 aqua

426 3248 594 3308 dseuntibas
614 3280 673 3302 -.
695 3241 961 3303 ‹tete-octantib·-·.
984 3254 1153 3304 noscerent.
1167 3288 1174 3303 .
1186 3266 1237 3305 um
1253 3249 1394 3311 miserant
1405 3288 1449 3304 --
1468 3274 1555 3333 quom
1565 3262 1757 3323 volemis...
1858 3239 1860 3318 ζ

470 3354 537 3434 ι67,
558 3390 615 3409 -.
636 3352 734 3431 ingres
752 3357 818 3409 tant
840 3390 848 3405 .
870 3389 878 3405 .
901 3346 1062 3407 illudebant
1083 3348 1135 3406 lim
1156 3348 1168 3408 l
1186 3385 1250 3408 -.
1272 3374 1329 3431 quo
1350 3368 1481 3417 moruret
1495 3362 1642 3426 munitate
1658 3377 1803 3438 bruneum

427 3459 553 3517 nuntios.
573 3463 765 3535 praevertere,
786 3453 866 3533 quod
880 3454 969 3533 vulgo
980 3454 1120 3512 omissum
1136 3464 1194 3528 est,
1207 3461 1333 3538 reposui.

472 3562 537 3621 168.
558 3560 751 3638 maaet...
771 3554 937 3636 Augerinus
950 3553 1005 3615 tris
1018 3556 1111 3635 coepit
1126 3592 1185 3616 ·-.
1205 3560 1365 3641 linga-qua
1384 3602 1427 3615 -
1446 3565 1573 3631 incaute
1592 3611 1655 3634 -.
1676 3578 1801 3658 inaugura
1858 3541 1859 3550 i

429 3664 638 3725 notationem
656 3702 699 3715 --
719 3659 876 3721 certamini
892 3659 1008 3720 consilii
1021 3661 1098 3718 inter
1111 3661 1227 3723 reduto
1248 3702 1309 3725 -.
1321 3670 1409 3745 serre
1419 3690 1562 3751 pugnam,
1583 3715 1625 3729 ..

473 3770 537 3848 169.
559 3790 622 3847 quar
639 3770 725 3827 litera
739 3777 768 3826 et
787 3764 903 3845 syllaba
922 3766 1064 3843 scriptura
1092 3765 1328 3849 distinguuntur,
1357 3794 1391 3833 ex
1410 3779 1578 3840 coniectura
1603 3784 1724 3865 adpicta
1740 3794 1798 3843 arnt.

429 3874 555 3931 Plurima
570 3876 771 3953 supplementa
786 3868 925 3928 debemus
939 3871 1069 3928 acumini
1086 3870 1276 3933 Freinshemii
1284 3916 1294 3947 ‚
1316 3881 1367 3957 qui
1382 3886 1571 3961 comparatis,
1592 3906 1656 3967 quae
1669 3890 1798 3948 Frontinus

430 3977 483 4054 (ι,
501 3979 532 4047 5,
547 3996 594 4034 22.
616 3998 647 4056 p.
660 3974 711 4038 83.
730 3973 783 4033 Ed.
795 3970 1004 4051 Oudendorp)
1027 3977 1172 4035 memoria·
1187 3976 1336 4055 prodidit,
1356 3987 1483 4063 genuum
1498 3991 1624 4049 auctoris
1641 3993 1721 4052 mh,
1735 3994 1798 4051 rati-

430 4082 513 4139 tniuc
530 4082 652 4139 videtur.
679 4080 771 4137 Docte
795 4077 825 4134 tn
847 4073 927 4135 bunc
943 4078 1043 4153 locum
1064 4090 1280 4139 commentatus
1296 4096 1338 4144 ost
1351 4087 1500 4174 Kmyniffi
1521 4096 1578 4154 ὼ.
1597 4097 1796 4169 ,Εςρῑῃςὴοωῐο

430 4184 582 4249 ernaudata
606 4179 810 4247 confirmavit,
828 4178 1041 4252 attinuerit,
1058 4202 1150 4261 pauca
1165 4185 1288 4245 rddidit.
