3850 4867
1513 349 1577 399 111

179 495 365 588 ciscatur,
391 497 439 574 dc
465 497 596 574 ceteris
616 499 774 574 Senatui
808 525 909 577 curae
936 498 1026 576 sore
1076 503 1127 576 At
1158 499 1241 590 ille,
1274 501 1421 577 tametsi
1451 504 1579 578 omnia

181 623 334 727 potiora
351 623 426 700 tide
436 622 630 728 Iugurthae
641 624 799 698 rebatur
805 658 817 720 3
841 642 969 700 tamen
983 625 1074 728 quia
1089 649 1203 730 penes
1215 625 1386 716 eosdem,
1405 627 1436 700 si
1449 627 1584 704 adror-

182 763 357 840 caretur,
378 748 715 853 ‘cogendipotestas
735 765 837 841 erat,
862 750 939 839 ita,
967 751 1026 824 uti
1048 766 1274 826 censuerant
1300 747 1442 842 Italici,
1477 752 1583 830 dedi.

187 871 335 948 tionem
354 872 456 948 facit.
506 872 692 978 Iugurtha
707 873 749 946 in
762 871 896 977 primis
907 870 1163 950 Adherbalem
1175 873 1435 948 excruciatum
1455 893 1587 952 necat,

177 995 320 1073 deinde
347 996 471 1072 omnis
498 998 658 1101 puberes
686 997 869 1073 Numidas
900 1013 939 1072 et
959 997 1208 1102 negotiatores
1240 998 1480 1102 promiscue,
1517 1000 1582 1076 uti
1707 1049 1711 1060 ·

178 1121 344 1227 quisque
367 1122 519 1196 armatis
540 1121 672 1197 obrius
700 1121 827 1196 fuerat
852 1119 1097 1220 (interficit.)
1149 1120 1271 1219 Quod·
1290 1138 1491 1225 postquam
1510 1127 1629 1214 llo-27

179 1271 256 1320 mae
275 1246 473 1350 cognitum
496 1263 552 1322 cst
566 1263 605 1321 ct
626 1270 684 1320 res
702 1244 743 1319 in
761 1247 904 1320 Senatu
929 1244 1063 1348 agitari
1093 1262 1235 1349 coepta,
1267 1246 1369 1320 idem
1387 1246 1445 1321 illi
1467 1248 1581 1323 mini-

177 1369 251 1453 stri
274 1372 369 1475 regis
389 1369 670 1474 interpellando
705 1397 752 1445 ac
775 1395 874 1473 saepe
890 1359 1040 1473 gratia,
1062 1367 1258 1444 interdum
1276 1369 1408 1475 iurgiis
1429 1371 1584 1448 trahen-

180 1493 235 1572 do
261 1511 427 1599 tempus,
454 1495 693 1570 atrocitatem
709 1492 802 1568 facti
821 1491 1028 1567 leniebant.
1078 1496 1132 1568 Ac
1153 1493 1195 1568 ni
1217 1496 1255 1570 C.
1276 1495 1498 1587 Memmius,
1519 1497 1584 1570 tri-

180 1617 312 1694 bunus
335 1619 456 1723 plebis
475 1619 706 1723 designatus,
730 1617 790 1693 vir
807 1643 895 1692 acer
912 1631 951 1691 et
966 1616 1058 1690 infe‘
1084 1642 1123 1690 as
1149 1617 1330 1720 potentiae
1355 1621 1585 1711 nobilitatis,

180 1741 376 1848 populum
407 1745 624 1817 Romanum
647 1737 875 1817 edocuisset:
893 1739 933 1814 id
954 1739 1035 1842 agi,
1061 1755 1107 1813 ut
1135 1767 1205 1844 per
1241 1769 1381 1846 paucos
1413 1743 1587 1820 factiosos

181 1863 381 1972 Iugurthae
411 1865 532 1940 scelus
557 1866 855 1955 condonaretur,
885 1861 1056 1966 profecto
1078 1863 1201 1939 omnis
1227 1865 1372 1942 invidia
1392 1867 1588 1971 prolatan-

180 1991 245 2067 dis
265 1989 610 2067 consultationibus
624 1989 770 2092 dilapsa
788 1987 893 2062 foret.
920 1989 1044 2061 Tanta
1064 1987 1118 2061 vis
1132 1988 1263 2090 gratiae
1283 2005 1398 2092 atque
1414 1991 1588 2095 pecunias

179 2115 279 2220 regis
296 2130 386 2190 erat
415 2113 489 2188 Sed
501 2113 569 2188 ubi
580 2115 739 2189 Senatus
751 2110 881 2188 delicti
893 2109 1122 2185 conscientia
1142 2113 1334 2214 populum¹
1354 2114 1473 2209 timet3
1501 2115 1580 2220 lege

179 2238 405 2342 Sempronia
426 2236 631 2340 provinciae
649 2236 790 2311 futuris
808 2233 1057 2323 Consulibus,
1072 2235 1253 2310 Numidia
1267 2253 1383 2341 atque
1399 2238 1509 2312 Italia
1523 2239 1587 2315 de·

177 2378 318 2440 crete:
340 2361 519 2439 Consules
539 2359 721 2436 declarati
742 2360 778 2433 P.
806 2357 931 2460 Scipio
952 2356 1106 2448 Nasica,
1132 2359 1171 2432 1.
1194 2361 1312 2437 Bestia
1333 2362 1586 2466 Calpurnium

179 2487 396 2591 Calpurnio
404 2485 604 2575 Numidia,
626 2472 800 2589 Scipioni
812 2480 923 2555 ltalia
942 2480 1115 2570 obvenit,
1137 2480 1275 2558 deiude
1293 2487 1495 2574 exercitus,
1519 2487 1588 2590 qui

177 2611 229 2686 in
247 2610 417 2688 Africam
438 2625 674 2716 portaretur,
693 2606 898 2684 scribitur:
921 2603 1157 2711 stipendium
1185 2607 1355 2713 aliaque,
1380 2637 1466 2716 quae
1487 2611 1588 2686 bello

177 2821 236 2873 tur
256 2809 402 2890 Iugurtha
421 2810 484 2869 Bas.
502 2830 526 2868 r.
547 2807 632 2869 Fabr.
653 2808 741 2871 llirii.
762 2826 831 2868 cum
845 2807 908 2864 aliis
923 2805 1014 2866 duob.
1029 2806 1110 2866 Cart.
1132 2808 1264 2886 plerique
1278 2807 1391 2869 Wassii.
1414 2811 1485 2884 dein
1504 2814 1592 2872 multi

179 2915 268 2981 Cort.
289 2917 367 2977 libri.
387 2914 437 2974 scd
453 2906 561 2974 d'cinde
573 2913 636 2973 Bas.
652 2934 677 2973 ι.
706 2914 803 2972 Sonat.
816 2930 842 2970 ι.
870 2910 984 2973 Fabric.
1004 2931 1030 2970 1.
1050 2919 1182 2970 armatus
1204 2911 1434 2990 obviusfiurut,
1464 2917 1504 2976 ita
1523 2917 1590 2977 Ecc.

179 3020 290 3082 Franc.
310 3020 362 3081 Ac.
381 3021 476 3081 Strur.
506 3018 603 3078 Guelf.
617 3018 646 3089 4.
658 3041 686 3100 7.
700 3039 730 3100 9.
748 3038 794 3077 ιο.
813 3036 863 3075 ιι.
890 3015 941 3073 sed
958 3015 1082 3075 armatis
1105 3018 1246 3082 meliores.
1259 3015 1326 3092 suit
1339 3017 1452 3080 Fabric.
1469 3041 1495 3080 ι.
1522 3020 1592 3105 Teg.

168 3128 285 3206 surra!
300 3126 363 3186 obv.
383 3125 445 3184 llas.
458 3123 486 3196 A.
507 3123 644 3201 chasuit
656 3144 733 3182 arm.
753 3121 823 3180 Tur.
843 3119 979 3195 interficit
1000 3119 1061 3208 Bas.
1076 3141 1102 3179 ι.
1122 3121 1226 3180 Franc.
1255 3119 1306 3182 Ac.
1334 3123 1401 3188 Sen.
1415 3144 1440 3182 ι.
1468 3124 1548 3187 Vrat.
1567 3147 1592 3186 ι.

180 3232 334 3311 {odefacit
346 3231 461 3313 reliqui.
481 3231 522 3289 ita
537 3227 653 3288 Gruter.
673 3225 769 3286 edidit
783 3223 1011 3284 adsentientibus
1028 3223 1142 3284 omnib.
1159 3223 1239 3291 Leid.

271 3358 345 3444 Cup.
357 3382 407 3443 ²7·
427 3368 530 3439 coeptu
548 3356 731 3420 vetustissimi
746 3353 827 3417 Cort.
849 3353 930 3414 Leid-
945 3373 972 3414 c.
986 3352 1016 3412 d.
1029 3375 1057 3435 g.
1073 3353 1093 3411 i.
1107 3353 1134 3411 k.
1147 3356 1167 3412 l.
1179 3373 1210 3418 n.
1231 3352 1323 3435 coepit
1343 3355 1422 3416 Vrat.
1438 3378 1463 3417 1.
1477 3377 1505 3417 a.
1525 3358 1594 3427 Seu.

184 3487 218 3530 2.
240 3465 339 3529 Reuss.
360 3464 450 3527 Acad.
471 3465 567 3526 Stmr.
588 3464 648 3522 inc.
669 3462 793 3524 Roma.
812 3459 915 3520 Franc.
936 3459 1003 3518 Ecc.
1026 3458 1120 3517 Guell.
1139 3458 1210 3530 Μ.
1229 3483 1257 3542 7.
1273 3482 1303 3542 9.
1323 3480 1368 3521 ιο.
1387 3482 1433 3521 ιι.
1453 3463 1593 3526 12.Leid.

142 3621 147 3630 .
182 3598 214 3637 a.
226 3575 257 3634 b.
268 3595 293 3635 ι.
309 3575 330 3634 s.
346 3571 377 3632 b.
390 3593 430 3633 m.
451 3570 536 3630 Bern.
549 3590 575 3629 ι.
595 3568 675 3628 idem
689 3569 731 3628 ita
748 3584 849 3626 omnes
863 3566 920 3625 lore
936 3565 1015 3624 lihrt
1037 3562 1082 3622 illi
1097 3562 1176 3622 idem
1194 3564 1280 3624 Fabr.
1293 3586 1319 3624 1.
1340 3566 1408 3649 Teg.
1429 3567 1499 3628 Tur.
1520 3570 1597 3630 leni-

183 3682 261 3742 tant
279 3679 346 3740 Fcc.
368 3676 464 3737 Guels.
476 3676 506 3736 ὅ.
520 3695 567 3735 ιο.
588 3675 683 3737 Strur.
700 3672 841 3754 populum
856 3673 903 3731 ed.
924 3671 984 3730 inc.
999 3690 1025 3729 ι.
1052 3677 1085 3728 ut
1096 3689 1150 3753 per
1169 3669 1232 3729 bas.
1251 3691 1277 3730 ι.
1289 3669 1319 3741 l.
1342 3670 1439 3733 Turio.
1468 3673 1553 3734 Bern.
1567 3680 1595 3740 ὅ.

179 3783 367 3870 protelanda
386 3782 485 3842 Ursini
498 3779 550 3840 lib.
565 3790 594 3839 et
607 3777 677 3838 Tur.
696 3778 811 3859 dilapso
830 3785 895 3837 orat
914 3775 1012 3836 Guelf.
1030 3797 1056 3834 ι.
1082 3775 1149 3834 Seu.
1163 3794 1191 3835 a.
1203 3776 1291 3852 foret
1306 3777 1404 3836 ceteri.
1424 3777 1500 3860 ragis
1522 3788 1596 3840 erat.

181 3909 251 3976 pec.
268 3909 368 3969 areg.
388 3885 528 3951 Guell.1.
557 3884 634 3964 regis
653 3881 807 3946 incesserat
834 3883 932 3948 Gucls.
947 3902 975 3942 a.
1004 3880 1110 3960 gratim
1132 3891 1198 3942 erat
1225 3892 1281 3942 tres
1294 3882 1345 3941 alii
1364 3881 1444 3942 Cort
1474 3885 1599 3945 decretu

186 4004 259 4060 m
276 3994 358 4056 leid.
372 4015 399 4059 a.
410 3991 441 4052 b.
453 3991 485 4051 d.
497 3989 528 4050 h.
552 3990 611 4052 Erl.
631 3990 717 4050 Bern.
729 3995 758 4052 3.
778 3989 815 4055 L.
836 3986 968 4070 Capum.
984 3986 1020 4047 B.
1040 3987 1107 4052 Seu.
1125 4008 1151 4046 ι.
1172 3986 1231 4046 Erl.
1253 3985 1322 4066 Bas.
1334 3986 1363 4057 A.
1399 3984 1483 4070 Culp.
1507 4009 1525 4048 a
1544 4009 1599 4054 vc·

188 4111 268 4165 mco
281 4101 380 4162 Ursini
390 4097 467 4164 cod.
482 4106 512 4159 ot
526 4096 611 4156 Bodl.
631 4095 717 4156 Bern.
728 4100 756 4159 ὅ.
776 4094 838 4154 atur
850 4113 969 4174 quaque
989 4092 1134 4153 Commel.
1156 4092 1223 4152 Ecc.
1244 4085 1359 4171 aluitque
1378 4092 1480 4154 omnia
1500 4092 1599 4156 Guell.

190 4231 223 4293 7,
243 4205 359 4287 οῐὶοᾳοο
376 4204 449 4264 bello
464 4222 528 4283 qua
542 4198 640 4264 G'uelf.
655 4223 702 4263 ιο.
720 4209 807 4281 utque
820 4199 883 4260 alio
900 4219 964 4279 quc
983 4197 1045 4259 Bas.
1059 4217 1084 4258 ι.
1106 4197 1204 4257 Guell.
1216 4219 1246 4280 9.
1275 4207 1304 4259 ct
1322 4197 1384 4259 atu
1403 4217 1468 4280 quoe
1494 4200 1554 4280 inc.
1569 4220 1599 4264 a.

189 4314 254 4378 alfa
270 4329 336 4394 quar
355 4309 428 4371 bello
446 4308 544 4374 suar.

412 4491 429 4524 l
