3850 4867
362 291 432 366 166

354 467 585 572 Metelloque
605 468 790 574 imperata
811 493 908 544 nave
930 465 1108 546 fecerant.
1149 471 1282 574 Itaque
1304 469 1353 547 ab
1372 471 1599 576 imperatore
1618 466 1758 556 facile,

355 619 443 698 qum
457 594 654 700 petebant,
679 591 815 696 adepti.
849 593 1001 668 Emisoae
1022 619 1066 670 eo
1081 592 1251 672 cohortes
1269 596 1452 702 Ligurum
1473 613 1641 697 quatuor
1657 607 1697 670 et
1718 595 1759 671 G

307 719 505 808 78Annius
534 717 741 822 prefectus.
779 717 826 793 Id
855 717 1043 820 oppidum
1073 719 1122 793 ab
1150 717 1350 798 sidoniist
1384 718 1534 795 aditum
1555 735 1627 809 ert,
1662 741 1761 820 quos

342 843 569 946 ,accepimus
602 841 781 947 profugos
813 843 863 916 ob
885 841 1090 917 discordiae
1114 842 1254 934 civilia,
1288 843 1451 920 navibus
1485 842 1528 917 in
1561 868 1623 917 eos
1657 842 1759 916 locos

352 966 515 1043 venisse:
542 983 710 1041 ceterum
737 966 853 1040 situm
874 963 976 1040 inter
996 964 1091 1040 duas
1120 967 1265 1069 Syrtes,
1297 967 1436 1069 quibus
1468 991 1610 1041 nomen
1645 993 1691 1042 ex
1717 991 1759 1040 re

355 1091 534 1168 inditum.
580 1092 679 1166 Nam
697 1089 777 1164 duo
796 1103 888 1164 sunt
906 1087 1011 1164 tinus
1033 1115 1152 1193 prope
1179 1089 1221 1164 in
1245 1106 1411 1164 extrema
1430 1090 1574 1182 Africa,
1594 1092 1759 1194 impares

353 1214 641 1322 magnitudine,
665 1213 751 1316 pari
769 1228 910 1288 natura
929 1245 937 1285 :
965 1238 1131 1315 quorum
1148 1239 1334 1316 proxuma
1355 1231 1462 1290 terrm
1478 1214 1633 1318 praealta
1656 1231 1762 1306 sunt3

353 1355 495 1428 cetera,
523 1337 581 1412 uti
606 1337 682 1412 foro
706 1336 815 1425 tulit,
839 1335 917 1410 alta
945 1335 1040 1422 alia,
1061 1335 1135 1410 alia
1160 1335 1201 1410 in
1225 1351 1443 1442 tempestate
1464 1337 1609 1413 vadosa.
1659 1337 1758 1412 Nam

353 1462 425 1537 ubi
444 1487 548 1536 mare
566 1486 750 1565 magnum
772 1485 848 1535 esse
871 1475 910 1533 et
929 1457 1057 1534 oaevire
1069 1459 1189 1535 ventis
1214 1461 1348 1563 coepit,
1369 1460 1507 1538 limum
1523 1445 1757 1565 arenamque

352 1602 393 1662 et
419 1611 507 1660 sexa
538 1583 705 1687 ingentia
732 1581 872 1658 iluctm
900 1580 1090 1657 trabunt:
1113 1582 1168 1657 ita
1192 1580 1306 1660 facies
1326 1583 1499 1662 locorum
1520 1612 1611 1662 cum
1637 1588 1761 1663 ventio

352 1709 468 1785 simul
489 1724 670 1784 mutatur.
720 1707 914 1809 Syrtetub
938 1722 1064 1781 tractu
1083 1705 1299 1782 nominate.
1331 1708 1424 1784 Eius
1441 1710 1601 1786 civitatis
1627 1709 1760 1818 lingua

340 1833 469 1910 modo
492 1859 671 1908 converte
692 1831 889 1907 connubio
913 1829 1192 1905 Numidarum:
1218 1829 1345 1936 legum
1357 1833 1560 1938 cultusque
1575 1835 1762 1940 pleraque

354 1958 554 2051 Sidoniea;
580 1981 666 2059 quae
703 1982 748 2032 eo
778 1954 931 2031 facilius
956 1954 1195 2044 retinebant,
1223 1955 1328 2058 quod
1352 1959 1488 2062 procul
1517 1959 1566 2034 ab
1599 1959 1761 2065 imperio

354 2084 612 2188 regie-aetatem
634 2078 805 2184 agebant
854 2082 962 2153 Inter
992 2078 1076 2153 illos
1094 2095 1133 2154 et
1150 2078 1390 2180 frequentem
1406 2082 1629 2159 Numidiam
1644 2086 1759 2159 multi

306 2207 523 2310 rorastique
542 2205 617 2280 loci
642 2219 760 2279 erant.
813 2203 886 2279 Sed
909 2202 1095 2305 quoniam
1119 2202 1160 2276 in
1183 2200 1251 2276 hes
1270 2204 1437 2308 regiones
1453 2234 1522 2311 per
1540 2209 1761 2313 Leptitano-

355 2341 444 2406 rum
478 2327 629 2433 negotia
659 2327 833 2402 venimus
845 2359 857 2422 5
895 2353 977 2400 non
1011 2324 1214 2431 indignum
1246 2326 1398 2403 videtur
1425 2333 1617 2436 egregium
1644 2351 1761 2436 atque

354 2454 533 2530 mirabile
554 2452 703 2526 lacinus
733 2451 902 2526 duorum
933 2447 1306 2555 Carthaginiensium
1329 2477 1539 2530 memorare
1546 2491 1556 2551 3
1582 2485 1666 2533 eam
1681 2487 1762 2535 rem

347 2636 438 2711 suere
450 2635 522 2708 alii,
544 2632 593 2692 ted
607 2633 692 2692 variis
705 2633 777 2691 locis
790 2630 912 2692 verbum
928 2650 989 2689 om.
1004 2628 1101 2693 Gueli.
1118 2650 1142 2688 ι.
1155 2649 1182 2688 2.
1195 2635 1222 2692 3.
1243 2631 1339 2692 Senot.
1360 2633 1460 2694 Vinar.
1481 2635 1581 2696 lionae.
1595 2636 1686 2700 lead.
1699 2639 1761 2700 Bao.

362 2762 388 2798 ι,
399 2740 428 2810 4.
447 2739 517 2803 Tur,
538 2737 663 2798 Bernd.
684 2737 805 2796 llorere.
825 2735 906 2795 Leid.
919 2757 945 2794 c.
959 2733 989 2793 d.
1003 2737 1022 2798 i.
1038 2735 1064 2792 k.
1078 2738 1098 2799 l.
1114 2757 1154 2794 m.
1176 2738 1393 2813 novesroerunt
1413 2742 1451 2800 ita
1470 2741 1585 2802 Gruter.
1607 2765 1641 2803 ex
1655 2747 1763 2804 melio-

242 2926 247 2938 ·
358 2843 447 2904 ribus.
467 2843 634 2908 Leid.l.m.
655 2841 751 2900 Guels.
770 2862 795 2899 r.
817 2841 916 2904 Vinar.
936 2860 962 2898 r.
982 2839 1078 2899 Sonat.
1097 2861 1122 2898 ι.
1150 2839 1262 2900 Fabric.
1283 2862 1311 2900 2.
1340 2841 1416 2904 llirii
1435 2845 1513 2906 libri.
1534 2847 1595 2913 Bar.
1613 2871 1638 2908 r.
1663 2872 1763 2930 guono

358 2950 455 3010 Guels.
468 2954 496 3012 3.
527 2949 647 3008 Vtatr.
674 2948 771 3006 Senot.
788 2967 816 3005 2.
846 2947 945 3005 Heum.
974 2944 1055 3004 Leid.
1070 2967 1096 3009 a.
1108 2945 1137 3005 b.
1149 2967 1175 3006 c.
1187 2969 1214 3027 g.
1230 2947 1250 3005 i.
1280 2946 1364 3006 Bern.
1381 2948 1409 3008 3.
1440 2952 1553 3012 invitor
1572 2954 1668 3014 Guels.
1686 2978 1713 3017 2.
1732 2982 1760 3039 7.

350 3055 440 3116 Leid.
451 3077 476 3115 e.
489 3056 509 3115 f.
530 3054 665 3134 gnaviter
683 3052 750 3111 Eec-
771 3053 829 3110 inc.
851 3051 946 3110 Guels.
960 3050 989 3109 6.
1002 3070 1047 3114 ro.
1068 3049 1149 3110 Loid.
1159 3051 1189 3110 d.
1204 3049 1234 3110 h.
1247 3051 1275 3110 k.
1296 3051 1358 3112 Bas.
1371 3053 1398 3125 4.
1420 3053 1504 3115 Bern.
1518 3079 1545 3116 r.
1565 3061 1605 3120 ita
1619 3060 1761 3130 Editur.

358 3160 429 3221 rmui
447 3163 479 3220 in
492 3160 626 3222 Palmerii
642 3157 731 3217 libris.
754 3157 794 3214 ita
809 3153 910 3214 Carrio
928 3153 1030 3214 edidit.
1052 3157 1139 3235 pauci
1147 3155 1249 3221 Cottii.
1270 3155 1368 3219 Turio.
1389 3161 1468 3237 quod
1478 3164 1616 3243 petebant
1635 3165 1721 3228 Fabr.
1736 3193 1762 3228 r.

357 3267 458 3337 Bari.
478 3265 549 3324 Tur.
570 3263 671 3345 adepti
686 3271 755 3322 sunt
778 3259 859 3318 leid.
871 3282 898 3320 a.
913 3281 938 3320 o.
953 3260 983 3319 d.
999 3280 1024 3319 e.
1040 3281 1070 3323 n.
1100 3258 1189 3325 Aead.
1215 3262 1294 3322 Vrot.
1313 3284 1338 3321 1.
1358 3273 1387 3322 et
1402 3264 1557 3328 deteriores
1569 3269 1672 3330 Cortii.
1691 3272 1761 3354 Teg.

358 3369 654 3440 Er1,Bar.4.Turic.
684 3390 725 3426 m.
739 3388 795 3425 aec.
815 3365 900 3426 Bern.
917 3385 943 3424 1.
970 3364 1090 3425 Emtatce
1102 3384 1145 3424 eo.
1165 3385 1198 3426 eo
1219 3370 1318 3426 locum
1337 3379 1438 3433 mutat.
1467 3375 1535 3431 Eoo.
1556 3373 1694 3448 Grrelbl.
1716 3377 1763 3440 Eo

301 3524 303 3527 .
359 3477 452 3536 mim
471 3476 539 3534 vin.
558 3495 582 3531 r.
603 3474 754 3533 rotrico.
776 3469 856 3530 leid.
871 3493 899 3552 g.
916 3466 947 3528 h.
967 3467 1120 3549 quiambo
1134 3477 1201 3530 runt
1216 3471 1341 3543 addunt,
1362 3473 1470 3534 emisse
1491 3487 1561 3536 tunt
1577 3499 1610 3540 oo
1639 3481 1720 3543 leid.
1734 3507 1763 3546 e.

360 3582 381 3639 f.
394 3602 425 3638 n.
446 3579 507 3637 Bas.
519 3579 548 3650 4.
567 3579 636 3636 Tur.
657 3577 750 3647 nriuoe
769 3577 855 3634 etiam
868 3575 966 3635 Guels.
976 3573 1004 3633 3.
1020 3584 1050 3634 et
1064 3576 1103 3634 ita
1118 3575 1191 3634 olim
1204 3575 1320 3636 editum
1342 3577 1406 3637 tuit.
1426 3599 1514 3658 eoque
1526 3583 1619 3644 nabore
1638 3586 1722 3648 Bern.
1736 3613 1763 3651 ι.

443 3706 516 3787 Cap.
534 3709 583 3787 78.
604 3706 756 3766 conditum
771 3715 810 3766 ert
830 3705 892 3768 liat.
905 3726 930 3763 r.
942 3704 971 3775 A.
993 3705 1033 3762 ita
1044 3703 1164 3766 llorere.
1185 3703 1264 3764 Leid.
1285 3705 1354 3764 Tur.
1374 3706 1434 3767 Erl.
1447 3708 1531 3776 Rern.
1547 3715 1611 3777 1.3.
1633 3717 1763 3781 imfflw„

360 3824 402 3874 eat
420 3813 540 3876 leidb.
553 3834 579 3870 c.
592 3811 620 3868 d.
633 3809 810 3892 s.g.h.lt.n.
831 3808 915 3867 Bern.
934 3830 960 3867 1.
983 3817 1024 3868 est
1036 3827 1073 3867 er
1093 3827 1124 3867 re
1141 3808 1206 3876 ind.
1227 3807 1327 3880 Bas.l.
1345 3832 1432 3890 paret
1448 3825 1558 3875 natura
1577 3819 1645 3882 Vin.
1664 3847 1688 3885 ι.
1708 3827 1762 3888 so.

361 3931 421 3983 nat.
435 3940 461 3977 2.
483 3918 583 3976 Houor.
603 3917 702 3974 incert.
713 3935 740 3973 2.
761 3915 827 3974 Eoo.
849 3913 945 3972 Guels.
961 3913 990 3984 4.
1005 3913 1033 3972 6.
1049 3935 1077 3994 7.
1092 3933 1122 3992 9.
1143 3911 1222 3976 Leid.
1234 3935 1260 3978 a.
1291 3917 1404 3996 aliquot
1424 3918 1560 3997 Gruteri,
1586 3945 1633 3987 ⁸01
1648 3929 1762 3996 wmfi·

360 4043 508 4105 proxuma
527 4021 591 4080 loru
616 4029 701 4080 terra:
720 4019 771 4078 Ac.
793 4021 889 4077 inor.
910 4017 1008 4077 Guell.
1024 4018 1052 4077 6.
1068 4039 1096 4098 7.
1115 4037 1160 4076 ro.
1177 4037 1221 4076 ιι.
1237 4038 1284 4078 22.
1303 4019 1362 4086 Erl.
1383 4021 1483 4096 Ban4.
1504 4027 1589 4090 Rem,
1603 4053 1629 4098 Ι,
1647 4039 1764 4115 pompm

347 4131 429 4224 ‘Eoo
450 4128 501 4188 Ac.
523 4125 621 4184 Guels.
632 4125 660 4183 6.
674 4147 702 4206 7.
716 4146 746 4204 9.
766 4121 923 4184 Vrat.r.3.
944 4121 1047 4194 ΒΜ.
1068 4121 1131 4181 alta
1149 4121 1220 4181 olio.
1245 4123 1307 4183 alia
1326 4124 1410 4188 Bern.
1429 4151 1454 4190 1.
1475 4134 1575 4194 roeviro
1590 4141 1764 4220 eoepitvm.

364 4237 402 4297 tir
425 4233 485 4295 boo
507 4232 610 4292 ordine
631 4229 752 4290 llorere.
783 4247 927 4306 ntegrum
941 4227 1040 4290 oaeoire
1064 4227 1149 4287 Bern.
1175 4247 1200 4286 ι.
1227 4237 1255 4288 et
1275 4230 1374 4291 mire
1389 4243 1492 4318 ventor
1510 4241 1602 4320 eoepit
1621 4245 1719 4307 sm
1735 4271 1763 4310 ,q
