3850 4867
362 250 404 299 12

357 404 579 510 bonumque
613 405 718 510 apud
745 431 806 482 eos
834 433 914 482 non
942 405 1088 512 legibus
1106 405 1253 513 magis,
1285 426 1403 510 qoam
1428 420 1567 482 natura
1594 403 1750 482 valebat

357 528 502 634 Iurgia,
521 529 740 619 discordias,
763 530 973 605 simultates
990 558 1079 606 cum
1094 529 1266 607 hostibus
1282 530 1525 606 exercebant:
1546 529 1643 604 cives
1663 554 1751 602 cum

357 652 503 728 civibus
523 652 570 728 de
583 653 724 729 virtute
741 653 957 747 certabant3
979 654 1022 729 in
1034 653 1231 758 suppliciis
1247 655 1407 730 deorum
1426 652 1635 760 magnifici,
1647 651 1751 728 domi

357 777 482 880 parci,
506 777 547 850 in
569 775 707 850 amicos
737 775 863 851 fideles
888 793 1007 852 erant.
1046 778 1205 852 Duabus
1224 774 1292 852 his
1322 776 1495 868 artibus,
1531 776 1690 854 audacie
1710 776 1752 849 in

358 897 481 988 bello,
501 899 570 972 ubi
589 925 663 1002 pax
684 915 874 988 evenerat,
899 900 1094 1002 aequitate,
1118 926 1233 1003 seque
1252 927 1408 1004 remque
1427 900 1623 1006 publicam
1643 925 1751 973 cura-

358 1021 463 1096 bant.
491 1023 668 1120 Quarum
698 1049 827 1096 rerum
844 1049 911 1126 ego
931 1049 1109 1098 maxuma
1131 1023 1359 1099 documenta
1382 1023 1464 1100 haec
1481 1023 1624 1113 habeo,
1646 1022 1752 1125 quod

357 1147 400 1222 in
422 1147 523 1222 bello
542 1146 677 1250 saepius
697 1146 934 1222 vindicatum
962 1147 1079 1220 estin
1106 1172 1184 1235 eos,
1215 1147 1283 1249 qui
1312 1164 1446 1222 contra
1473 1147 1679 1251 imperium
1710 1147 1751 1220 in

265 1273 268 1279 ’
356 1267 503 1346 bostem
536 1285 817 1374 pugnaverant,
849 1269 994 1372 quique
1021 1269 1185 1360 tardius,
1219 1260 1415 1360 revocati,
1434 1271 1566 1374 praelio
1595 1295 1753 1344 excesse-

357 1409 464 1484 rant,
483 1420 601 1495 quam
615 1391 684 1494 qui
700 1393 805 1496 signa
825 1389 1040 1494 relinquere
1052 1449 1062 1479 ,
1073 1409 1142 1466 aut
1157 1393 1258 1497 pulsi
1271 1452 1281 1485 ,
1293 1393 1377 1470 loco
1391 1395 1523 1470 cedere
1538 1394 1621 1469 ausi
1634 1411 1751 1468 erant.

359 1520 405 1592 In
434 1543 528 1622 paee
558 1543 664 1607 vero,
693 1514 799 1619 quod
823 1515 1017 1590 beneficiis
1040 1543 1158 1618 quam
1186 1534 1293 1592 metu
1311 1517 1517 1620 imperium
1539 1517 1754 1622 agitabant,

313 1657 421 1732 roet,
455 1655 607 1746 accepta
629 1639 796 1729 iniuria,
834 1639 1038 1742 ignoscere,
1070 1666 1187 1742 quam
1215 1640 1390 1743 persequi
1428 1641 1629 1716 malebant.
1682 1641 1753 1716 Sed

357 1765 425 1842 ubi
445 1765 574 1840 labore
594 1781 709 1868 atqm
732 1762 875 1837 iustitia
894 1760 1106 1867 respublica
1128 1762 1263 1853 crevit,
1288 1789 1389 1868 reges
1408 1764 1537 1868 magni
1564 1764 1665 1838 bello
1684 1765 1749 1840 do

356 1890 460 1980 miti,
486 1890 659 1965 nationes
680 1887 766 1962 ferae
784 1903 822 1963 et
841 1884 977 1991 populi
994 1886 1161 1990 ingentes
1181 1886 1219 1961 vi
1239 1887 1400 1977 subacti,
1425 1886 1622 1990 Carthago,
1637 1914 1750 1963 aemu-

357 2013 393 2088 la
427 2012 576 2116 imperii
602 2011 785 2099 Romani,
820 2009 868 2082 ab
893 2008 1010 2113 stirpe
1037 2009 1205 2098 interiit,
1238 2027 1378 2085 cuncta
1412 2011 1532 2086 maria
1568 2027 1751 2114 terraeque

357 2139 564 2241 patebant:
589 2135 717 2208 saevire
740 2133 895 2208 fortuna
926 2158 970 2206 ac
991 2132 1145 2208 miscere
1168 2133 1296 2207 omnia
1318 2135 1444 2237 coepit
1485 2135 1564 2232 Qui
1588 2134 1750 2222 labores,

356 2261 546 2366 pericula,
569 2258 703 2333 dubias
721 2274 836 2362 atque
857 2281 1004 2362 asperas
1030 2283 1087 2332 res
1116 2255 1227 2334 facile
1251 2257 1521 2350 toleraverant,
1546 2257 1605 2334 bis
1629 2259 1751 2334 otium

353 2456 449 2537 pliciis
462 2459 494 2517 d.
510 2490 529 2506 -
545 2460 678 2518 ιίιοιιιιη.
698 2456 796 2516 omisit
808 2455 893 2516 Fabr.
912 2479 936 2517 ι.
957 2457 1025 2537 Teg.
1046 2453 1080 2513 in
1100 2453 1211 2514 amico
1231 2458 1291 2517 inc.
1308 2475 1333 2514 ι.
1355 2454 1454 2515 Guelf.
1475 2477 1521 2514 ιι.
1542 2456 1627 2516 Paris.
1636 2478 1662 2516 e.
1676 2468 1705 2515 et
1719 2456 1749 2514 b.

357 2581 398 2618 m.
410 2580 467 2621 sec.
487 2561 546 2626 Erl.
564 2581 646 2640 seque
661 2561 798 2640 rempubl.
818 2560 898 2620 Leid.
911 2583 939 2640 g.
961 2561 1059 2620 Guels.
1079 2584 1107 2642 7.
1129 2562 1157 2625 8.
1174 2585 1204 2642 9.
1234 2563 1301 2626 Seu.
1323 2580 1350 2624 ι.
1378 2560 1499 2620 Eccard.
1513 2581 1553 2625 ιιι.
1567 2581 1613 2640 pr.
1640 2559 1750 2621 Arond.

356 2664 441 2724 bern.
453 2684 482 2726 2.
502 2684 660 2744 seramque
674 2665 741 2746 pub.
763 2665 843 2723 Leid.
858 2665 888 2722 d.
903 2663 933 2728 h.
955 2663 1016 2722 llas.
1033 2685 1061 2722 a.
1082 2665 1180 2724 Guelf.
1196 2667 1224 2725 6.
1244 2685 1327 2743 seque
1339 2674 1368 2724 et
1382 2685 1471 2744 remp.
1492 2663 1573 2724 leid.
1590 2666 1618 2724 l.
1648 2667 1707 2726 ine.
1725 2688 1750 2724 ι.

356 2767 481 2848 quodie
496 2769 567 2829 bello
585 2771 695 2850 soepitts.
717 2769 750 2827 in
770 2768 824 2826 bel.
846 2769 929 2826 omis.
960 2767 1048 2827 Palat.
1065 2768 1095 2828 3.
1117 2780 1145 2827 et
1164 2769 1290 2828 Cottius.
1305 2769 1393 2829 ceteri
1414 2771 1548 2829 retinent.
1568 2769 1752 2831 anderen

354 2882 484 2934 est-est
504 2875 587 2932 omis.
608 2873 688 2933 Leid.
708 2893 736 2932 a.
753 2882 782 2932 et
796 2871 932 2932 Diomed.
948 2895 1015 2955 pag.
1031 2873 1100 2932 361.
1132 2873 1204 2932 bello
1215 2874 1318 2953 proelio
1336 2893 1400 2934 eae.
1429 2873 1537 2933 Tor.2.
1557 2874 1630 2934 bello
1648 2894 1751 2934 exorso

355 2969 435 3040 Leid.
448 3001 474 3044 e.
493 3002 522 3062 g.
535 2980 555 3043 i.
576 2977 660 3037 Febr.
680 2998 706 3037 1.
725 2996 753 3036 2.
775 2976 842 3034 vin.
859 2997 887 3040 2.
920 2977 1019 3041 lleuss.
1036 2977 1103 3036 Sen.
1120 2997 1148 3041 a.
1176 2976 1274 3038 Guelf.
1290 2998 1318 3036 ι.
1332 2999 1361 3058 9.
1382 2977 1444 3037 Bas.
1457 2998 1485 3037 a.
1513 2977 1599 3037 Bern.
1623 3000 1649 3037 ι.
1665 2978 1695 3039 3.
1714 2999 1752 3038 en

354 3085 437 3148 bello.
458 3084 539 3146 [eid.
557 3106 582 3144 e.
603 3103 623 3141 o
632 3081 745 3162 proelio.
766 3079 846 3138 Leid.
858 3081 888 3139 b.
905 3081 933 3138 k.
955 3081 1052 3140 Guell.
1067 3082 1096 3140 8.
1114 3081 1228 3161 proelio.
1249 3081 1310 3140 Bas.
1324 3103 1350 3140 ι.
1363 3082 1392 3141 3.
1418 3080 1498 3141 leid.
1509 3103 1535 3145 c.
1550 3082 1580 3140 d.
1596 3081 1750 3147 f.h.1.m.

355 3211 386 3252 n.
411 3191 553 3252 Tutior.
583 3187 705 3270 plurimi
725 3184 828 3244 Gortii.
850 3185 968 3244 Parisini
990 3203 1101 3245 omnes.
1121 3185 1206 3246 bern.
1226 3207 1253 3246 a.
1275 3197 1408 3266 preterea
1430 3205 1531 3244 omnes
1544 3185 1666 3247 Palatini
1687 3209 1752 3250 cre-

355 3295 406 3354 do.
426 3293 582 3374 expraeb'o.
604 3291 701 3350 Guelf.
712 3289 740 3349 3.
762 3308 778 3348 e
789 3286 1004 3368 proediolcad.
1025 3289 1210 3369 alipoeront.
1231 3290 1350 3350 Leidd.
1363 3291 1383 3348 l.
1403 3289 1472 3347 Tur.
1486 3308 1514 3348 2.
1535 3288 1620 3350 bern.
1630 3291 1660 3352 3.
1681 3293 1752 3352 reli»

355 3391 490 3476 prterunt.
509 3395 589 3455 Leid.
604 3415 632 3478 g.
644 3391 675 3451 h.
697 3395 845 3472 reliquere.
866 3395 926 3454 inc.
940 3413 965 3452 ι.
981 3405 1009 3454 et
1019 3415 1053 3454 cx
1063 3395 1178 3455 emend.
1200 3397 1259 3454 inc.
1273 3415 1300 3454 ι.
1312 3392 1452 3468 beneficiis
1462 3413 1552 3471 qrtom
1562 3377 1650 3455 theto.
1669 3397 1750 3457 Leid.

353 3502 383 3562 lt.
398 3505 418 3561 l.
439 3499 500 3559 bas.
518 3521 544 3558 ι.
560 3519 588 3559 a.
610 3497 717 3557 Golon.
739 3497 828 3556 Palm.
849 3498 967 3557 Martio.
988 3497 1087 3558 Pemb.
1107 3499 1192 3559 Rem.
1205 3519 1233 3558 ι.
1262 3498 1375 3558 Febris.
1391 3517 1419 3557 ι.
1439 3497 1536 3557 Senot.
1554 3519 1580 3557 ι.
1609 3499 1750 3572 (ὶιιοΙΜ.

357 3607 385 3666 5.
407 3606 492 3667 ceteri
506 3603 601 3683 magis
618 3622 717 3682 quom.
745 3622 833 3680 quom
850 3603 1010 3663 omiserunt
1029 3604 1113 3669 Mart.
1129 3623 1171 3662 m.
1188 3623 1235 3685 pr.
1257 3601 1355 3662 Pemb.
1375 3601 1484 3662 Colon.
1504 3601 1670 3683 imperium.
1688 3605 1750 3666 Bas.

358 3706 640 3788 nmmffim.
1646 3749 1653 3754 -

417 3835 490 3918 Cop.
516 3857 562 3897 ιο.
580 3833 785 3915 perlaboretis.
806 3831 908 3893 Bas.3.
940 3853 985 3895 res
1002 3832 1228 3914 cmvr'tpublico.
1257 3833 1319 3893 bae.
1333 3832 1364 3894 3.
1384 3835 1491 3915 magni
1504 3853 1592 3916 reges.
1617 3835 1699 3898 leid.
1718 3838 1750 3898 d.

354 3945 453 4006 taso.
468 3941 497 4002 3.
517 3939 615 3999 Turio.
632 3959 657 3998 ι.
679 3935 799 3997 romoni
809 3935 879 4017 imp.
898 3937 968 3998 Tur.
985 3960 1011 3999 1.
1031 3938 1091 3999 Erl.
1110 3939 1180 4021 Τις.
1200 3938 1262 3998 llas.
1276 3959 1304 3998 a.
1325 3937 1405 3998 Ieid.
1417 3960 1445 4004 a.
1466 3938 1550 4000 bern.
1567 3961 1593 3998 1.
1605 3959 1635 4000 ι.
1650 3940 1680 4001 3.
1701 3941 1751 4001 in·

352 4058 451 4130 gentes
465 4045 559 4107 abest.
589 4041 670 4107 Leid.
682 4041 710 4100 l.
724 4044 746 4101 l.
775 4040 837 4106 Bas.
855 4062 881 4102 ι.
897 4044 984 4102 etiam
1001 4041 1100 4104 Pemb.
1120 4053 1237 4104 nutum
1259 4045 1292 4103 in
1307 4045 1448 4126 margine.
1468 4043 1553 4105 Bam.
1564 4043 1593 4104 3.
1622 4045 1749 4106 misceri.

354 4155 415 4218 Bas.
430 4175 455 4217 1.
476 4151 545 4216 Tur.
557 4167 587 4214 a.
608 4145 654 4209 tut
672 4145 775 4210 otium.
794 4148 836 4210 ita
847 4148 935 4230 longe
953 4148 1077 4230 plurimi
1095 4145 1193 4210 eodo
1214 4145 1277 4210 Bet.
1297 4145 1380 4209 leid.
1399 4148 1460 4214 Erl.
1483 4147 1554 4211 Tur.
1577 4147 1662 4209 bern.
1679 4169 1748 4211 m.
