3850 4867
386 357 436 434 90

386 512 526 592 honori
541 512 712 607 ducitur,
735 515 922 622 Iugurtha
938 515 1046 594 foret
1078 518 1181 596 Dein
1193 535 1336 612 tamen,
1360 534 1407 596 ut
1419 520 1522 598 aetati
1542 515 1785 600 concederet,
1877 546 1878 557 ι

384 638 563 746 fatigatus
575 666 598 716 a
610 639 737 733 fratre,
755 640 818 716 vix
829 640 871 718 in
888 657 1038 748 partem
1054 642 1214 721 alteram
1231 643 1472 721 transductus
1492 661 1556 720 est
1584 642 1645 718 Ibi
1658 663 1786 744 quum

385 765 508 840 multa
527 765 574 842 de
591 764 894 844 administrando
914 765 1076 872 imperio
1092 767 1332 860 dissererent,
1352 767 1538 875 lugumha
1561 768 1662 844 inter
1692 763 1788 838 alias

385 915 442 964 res
462 889 571 966 iacit:
591 906 793 994 opportere
811 890 1043 994 quinquenii
1061 893 1234 968 consulta
1251 908 1290 968 et
1306 893 1455 969 decreta
1468 893 1597 968 omnia
1610 885 1786 966 rescindi.

383 1013 481 1088 Nam
510 1041 580 1118 per
604 1041 648 1090 ea
678 1031 847 1120 tempora
874 1015 1092 1092 confectum
1124 1019 1237 1093 annis
1263 1017 1465 1124 Micipsam
1491 1043 1629 1122 parum
1655 1012 1789 1089 animo
1877 1110 1878 1125 χ

383 1137 550 1216 valuisse.
594 1141 696 1252 Tum
719 1139 823 1216 idem
840 1139 1035 1245 Hiempsal
1065 1141 1216 1245 placere
1233 1142 1305 1217 sibi
1338 1141 1534 1248 respondit
1560 1174 1569 1216 ι
1602 1141 1705 1216 Nam
1730 1134 1789 1237 ip-
1877 1130 1878 1161 ³

383 1287 469 1340 sum
485 1264 599 1340 illum
620 1261 680 1340 his
697 1265 819 1340 tribus
839 1265 1036 1368 proxumis
1059 1267 1170 1342 annis
1196 1265 1442 1372 adoptatione
1461 1267 1503 1341 in
1524 1289 1686 1371 regnum
1702 1284 1791 1365 per·

384 1389 534 1466 venisse.
581 1389 698 1486 Quod
724 1388 884 1464 verbum
916 1388 958 1463 in
992 1405 1124 1492 pectus
1148 1389 1344 1496 Iugurthae
1365 1391 1503 1482 altius,
1539 1415 1658 1494 quam
1686 1407 1791 1489 qurs*

382 1533 500 1616 quam
528 1529 632 1588 ratus
663 1528 761 1603 erat,
787 1511 990 1590 descendit
1035 1515 1169 1616 Itaque
1195 1540 1306 1591 exeo
1333 1531 1503 1619 tempore
1523 1515 1580 1589 ira
1611 1527 1650 1588 ct
1680 1527 1789 1586 meru

382 1639 518 1714 anxius
540 1637 685 1729 moliri,
711 1663 865 1743 parare,
890 1653 1008 1741 atque
1026 1664 1070 1713 ea
1091 1639 1206 1714 modo
1238 1666 1329 1715 cum
1360 1641 1489 1716 animo
1516 1638 1678 1728 habere,
1701 1634 1791 1739 qui-

382 1763 454 1839 bus
473 1761 666 1866 Hiempsal
686 1786 756 1866 per
774 1761 910 1837 dolum
928 1778 1135 1866 caperetur.
1176 1763 1274 1860 Qure
1295 1763 1363 1838 ubi
1388 1763 1533 1839 tardius
1560 1759 1787 1868 procedunt,

383 1914 508 1991 neque
525 1887 670 1962 lenitur
688 1884 839 1961 animus
856 1884 979 1978 fercx;
1001 1885 1136 1960 statuit
1158 1887 1290 1990 quovis
1316 1886 1430 1964 modo
1453 1887 1649 1992 inceptum
1672 1881 1786 1990 perfi-

344 2038 480 2088 rrcere.
518 2011 646 2088 Primo
669 2026 878 2100 conventu,
906 2035 1022 2112 quem
1039 2010 1089 2084 ab
1110 2010 1248 2114 regulis
1268 2010 1413 2087 facturn
1428 2038 1543 2117 supra
1561 2005 1788 2090 memorari.

384 2154 541 2242 propter
562 2135 830 2212 dissensionem
861 2133 1059 2237 placuerat
1081 2133 1201 2209 dividi
1227 2132 1419 2211 thesauros
1448 2135 1611 2240 finisque
1636 2126 1787 2237 imperii

383 2261 541 2366 singulis
561 2259 751 2336 constitui.
788 2262 923 2361 Itaque
948 2273 1099 2362 tempus
1123 2258 1172 2332 ad
1203 2274 1408 2364 utramque
1432 2288 1513 2336 rem
1539 2257 1785 2340 decernitur,

384 2387 450 2466 sed
465 2387 652 2464 maturius
671 2383 721 2460 ad
743 2382 949 2487 pecuniam
967 2381 1280 2461 distribuendam.
1315 2384 1448 2491 Reguli
1468 2384 1612 2461 interea
1640 2381 1684 2458 iu
1705 2371 1791 2454 loca

386 2592 476 2654 eriam
488 2591 692 2652 aurocrorum
710 2587 842 2650 omuibus
859 2586 899 2667 ig.
929 2586 1015 2648 Beru.
1029 2586 1059 2650 ὅ.
1079 2591 1150 2649 cale
1173 2587 1276 2649 llasrr.
1291 2586 1320 2662 d.
1348 2589 1464 2650 Gruter.
1476 2589 1569 2652 wau.
1588 2569 1785 2650 omuesleirl·

387 2707 476 2758 antec
495 2697 561 2762 llir.
582 2695 664 2756 eurr.
684 2691 907 2775 ἁεὴίηοζίαιιιιιι
927 2693 1011 2754 ilem.
1027 2713 1052 2759 ι.
1072 2694 1132 2754 inc.
1146 2713 1171 2752 r.
1191 2691 1333 2754 (lualid.
1351 2713 1396 2754 ιι.
1416 2693 1496 2755 Laid.
1509 2695 1537 2754 l.
1559 2692 1680 2754 Merseb.
1702 2688 1786 2752 llirii.

389 2803 471 2863 oelctr'
495 2802 562 2880 om.'¹
576 2801 673 2863 Guell.
690 2801 718 2867 5.
738 2809 771 2860 ut
785 2809 832 2861 cst.
861 2800 924 2862 Bar.
937 2819 964 2860 ι.
985 2798 1070 2863 Beru.
1086 2817 1112 2857 ι.
1132 2799 1292 2858 transitura
1305 2809 1347 2859 est
1366 2798 1461 2860 Guelf.
1475 2799 1502 2858 5.
1524 2801 1605 2864 trud.
1615 2806 1657 2859 est
1674 2793 1791 2862 laius

388 2907 419 2968 h.
441 2907 561 2968 ibicum
575 2907 657 2969 m.'d.
670 2925 699 2966 a.
713 2904 733 2964 ἰ.
751 2905 807 2965 das.
823 2902 885 2965 hrcc
898 2905 1004 2965 desunt
1020 2904 1054 2963 in
1065 2902 1163 2963 Gucll.
1180 2903 1208 2963 5.
1228 2903 1342 2964 Fabric.
1359 2925 1387 2965 a.
1407 2903 1657 2964 ammtnurramro
1674 2903 1737 2965 Bar.
1760 2918 1784 2956 ι.

389 3033 434 3074 res
448 3012 527 3074 iacui.
548 3014 588 3073 sic
603 3011 680 3074 llirii
698 3011 839 3075 meliores.
860 3011 965 3070 Luctat
983 3007 1021 3069 ad
1040 3008 1112 3068 Stat.
1134 3006 1227 3074 Their.
1243 3030 1268 3068 ι.
1281 3011 1350 3080 41¹·
1371 3009 1433 3069 Bas.
1448 3029 1474 3068 1.
1494 3008 1579 3068 llam.
1598 3028 1624 3067 1.
1644 3003 1742 3067 Guell.
1761 3022 1785 3060 ι.

390 3137 419 3178 a.
438 3117 550 3183 Leidl.
572 3117 641 3178 Nar.
662 3137 702 3176 ιιι.
712 3136 758 3199 pr.
779 3113 824 3174 cit
843 3115 939 3180 ceteri
963 3135 1044 3176 cons.
1065 3123 1093 3173 st
1108 3115 1189 3174 decr.
1203 3114 1314 3174 οιιιιιία.
1341 3113 1441 3174 ommia
1454 3135 1515 3173 om.
1534 3111 1648 3174 Fabric.
1661 3132 1689 3171 a.
1710 3111 1785 3170 decr.

388 3243 467 3286 cons.
482 3243 567 3284 omn..
583 3222 645 3288 Bas.
657 3221 686 3290 A.
707 3239 786 3282 cons.
802 3229 830 3278 et
845 3220 925 3279 riser.
940 3237 1012 3278 rese.
1031 3237 1111 3279 omn.
1132 3217 1217 3282 Beru.
1233 3239 1257 3277 ι.
1279 3228 1398 3280 stomu.
1417 3220 1498 3279 decr.
1521 3219 1622 3279 lleuss.
1643 3215 1744 3278 omnic
1762 3218 1788 3270 tl

389 3331 497 3391 decret.
516 3329 598 3392 Vrat.
610 3349 634 3386 ι.
656 3325 814 3390 Guelf.1r.
836 3323 916 3384 Cort.
937 3324 1029 3384 tribus
1044 3324 1090 3383 rut
1102 3345 1190 3404 prce.
1211 3327 1325 3406 aliquot
1339 3323 1437 3384 Guell.
1457 3325 1516 3384 inc.
1534 3322 1636 3383 Vinar.
1652 3343 1681 3383 a.
1701 3318 1785 3384 lud.

390 3435 475 3496 Rern.
488 3455 513 3494 ι.
536 3432 659 3494 Ιιὶεἱιῶ.
688 3430 767 3490 leid.
780 3431 837 3490 c.i.
849 3429 877 3489 k.
907 3428 1019 3488 droud.
1048 3428 1150 3489 Pemb.
1177 3428 1241 3489 Bas.
1260 3449 1285 3488 1.
1314 3429 1398 3488 Bern.
1419 3448 1444 3487 r.
1460 3427 1489 3488 3.
1517 3427 1563 3487 his
1578 3429 1662 3487 ornis.
1677 3426 1785 3486 Gruter.

388 3537 480 3598 Wass.
495 3547 524 3596 et
538 3540 635 3616 plures
643 3533 739 3600 codd.
753 3535 944 3613 adoptatione
963 3534 1030 3592 Seu.
1043 3554 1070 3599 a.
1091 3535 1150 3598 inc.
1169 3555 1194 3593 r.
1215 3534 1278 3593 Bas.
1293 3555 1317 3599 ι.
1330 3533 1411 3594 Leid.
1424 3536 1444 3592 l.
1455 3555 1495 3592 ιιι.
1504 3553 1549 3613 pr.
1572 3531 1699 3592 rlrrond.
1719 3531 1785 3611 neg.

390 3640 522 3705 Mari-r.
536 3651 571 3702 Α.
592 3639 692 3702 Pcmb.
712 3639 870 3718 adoptione
889 3637 985 3698 ceteri.
1008 3647 1090 3698 ratus
1106 3647 1180 3698 erat.
1201 3647 1267 3699 erat
1285 3659 1345 3700 orn.
1362 3637 1449 3698 Palas
1461 3640 1492 3700 8.
1510 3643 1607 3718 plnres
1620 3637 1733 3700 Warsii.
1751 3642 1786 3696 est

390 3744 476 3805 Bern.
488 3765 514 3804 1.
535 3745 623 3804 modo
637 3743 737 3804 animo
753 3744 859 3804 rubere
878 3742 945 3802 Nat.
967 3742 1026 3802 Pal.
1041 3743 1073 3804 5.
1085 3764 1132 3803 ro.
1151 3743 1264 3806 Febris.
1279 3765 1307 3804 a.
1328 3742 1430 3804 Guell.
1447 3764 1472 3804 1.
1487 3745 1515 3805 5.
1528 3744 1557 3809 6.
1570 3765 1618 3804 rr.
1640 3742 1784 3817 rulandus

390 3852 478 3936 pauci
495 3849 649 3910 deteriores
662 3845 740 3908 libri.

473 3977 546 4058 Cep.
569 3999 616 4038 12.
652 3977 803 4057 placuerat
821 3973 877 4034 iltis
906 3973 1027 4034 Eccsrd.
1061 3975 1158 4037 Guell.
1183 3997 1229 4038 ιι.
1258 3975 1369 4050 Baud.
1398 3976 1495 4056 doque
1510 3977 1701 4058 cdlutmmq.
1721 3995 1785 4036 rern-
1843 3996 1850 4009 ·

391 4100 477 4163 remp.
497 4085 614 4142 decern.
645 4081 705 4143 hoc
728 4081 831 4142 ordine
847 4081 978 4160 plerique
992 4079 1086 4140 Curtii
1103 4080 1185 4141 libri.
1202 4081 1251 4140 scd
1273 4102 1374 4142 omnes
1393 4082 1473 4142 Leid.
1494 4081 1556 4141 Bas.
1583 4081 1669 4142 Bern.
1697 4081 1787 4142 Turis.

390 4192 538 4272 vulgatum
558 4187 691 4249 retinent.
734 4187 776 4244 itu
795 4185 906 4246 Fabric.
924 4205 949 4244 1.
970 4184 1128 4246 Thirmida
1148 4187 1281 4246 meliores
1297 4186 1376 4246 libri.
1419 4185 1562 4248 Turmidrr
1578 4185 1640 4246 Bas.
1658 4208 1684 4246 1.
1725 4185 1786 4246 Tir-

392 4293 476 4356 muta
488 4335 502 4370 ,
531 4293 629 4357 ram.
660 4293 829 4364 Tamuda,
864 4288 1038 4362 Tamuda,
1066 4289 1208 4352 Tirmrrdc
1219 4329 1232 4363 ,
1264 4291 1410 4354 Tirimr'dc
1428 4294 1525 4354 ceteri.
1553 4286 1785 4376 acceptusqmri
