<?xml version="1.0" encoding="UTF-8"?>
<!DOCTYPE html PUBLIC "-//W3C//DTD XHTML 1.0 Transitional//EN"
    "http://www.w3.org/TR/xhtml1/DTD/xhtml1-transitional.dtd">
<html xmlns="http://www.w3.org/1999/xhtml" xml:lang="en" lang="en">
 <head>
  <title>
</title>
<meta http-equiv="Content-Type" content="text/html;charset=utf-8" />
  <meta name='ocr-system' content='tesseract 3.04.00' />
  <meta name='ocr-capabilities' content='ocr_page ocr_carea ocr_par ocr_line ocrx_word'/>
</head>
<body>
  <div class='ocr_page' id='page_1' title='image "./salustiiquaeexs01sallgoog_0372.png"; bbox 0 0 3850 4867; ppageno 0'>
   <div class='ocr_carea' id='block_1_1' title="bbox 392 264 464 361">
    <p class='ocr_par' dir='ltr' id='par_1_1' title="bbox 392 264 464 361">
     <span class='ocr_line' id='line_1_1' title="bbox 392 264 464 361; baseline 0.028 -24"><span class='ocrx_word' id='word_1_1' title='bbox 392 264 464 361; x_wconf 78' lang='lat'><strong>¹78</strong></span> 
     </span>
    </p>
   </div>
   <div class='ocr_carea' id='block_1_2' title="bbox 336 436 1876 3773">
    <p class='ocr_par' dir='ltr' id='par_1_2' title="bbox 336 436 1876 3773">
     <span class='ocr_line' id='line_1_2' title="bbox 391 436 1775 557; baseline 0.004 -38"><span class='ocrx_word' id='word_1_2' title='bbox 391 466 448 519; x_wconf 86' lang='lat' dir='ltr'><strong>res</strong></span> <span class='ocrx_word' id='word_1_3' title='bbox 464 466 642 547; x_wconf 82' lang='lat' dir='ltr'><strong>prospere</strong></span> <span class='ocrx_word' id='word_1_4' title='bbox 661 440 784 531; x_wconf 88' lang='lat' dir='ltr'><strong>cedet,</strong></span> <span class='ocrx_word' id='word_1_5' title='bbox 812 438 867 515; x_wconf 93' lang='lat' dir='ltr'><strong>ibi</strong></span> <span class='ocrx_word' id='word_1_6' title='bbox 883 436 983 515; x_wconf 90' lang='lat' dir='ltr'><strong>mibi</strong></span> <span class='ocrx_word' id='word_1_7' title='bbox 999 438 1100 514; x_wconf 89' lang='lat' dir='ltr'><strong>bona</strong></span> <span class='ocrx_word' id='word_1_8' title='bbox 1120 438 1222 515; x_wconf 84' lang='lat' dir='ltr'><strong>sama</strong></span> <span class='ocrx_word' id='word_1_9' title='bbox 1241 441 1397 518; x_wconf 82' lang='lat' dir='ltr'><strong>eveniet</strong></span> <span class='ocrx_word' id='word_1_10' title='bbox 1435 444 1508 521; x_wconf 87' lang='lat' dir='ltr'><strong>Sed</strong></span> <span class='ocrx_word' id='word_1_11' title='bbox 1521 471 1584 521; x_wconf 85' lang='lat' dir='ltr'><strong>me</strong></span> <span class='ocrx_word' id='word_1_12' title='bbox 1597 446 1662 522; x_wconf 89' lang='lat' dir='ltr'><strong>illa</strong></span> <span class='ocrx_word' id='word_1_13' title='bbox 1674 452 1775 557; x_wconf 79' lang='lat' dir='ltr'><strong>magis</strong></span> 
     </span>
     <span class='ocr_line' id='line_1_3' title="bbox 390 562 1777 676; baseline 0.006 -35"><span class='ocrx_word' id='word_1_14' title='bbox 390 566 532 669; x_wconf 83' lang='lat' dir='ltr'><strong>cupido</strong></span> <span class='ocrx_word' id='word_1_15' title='bbox 553 581 716 653; x_wconf 82' lang='lat' dir='ltr'>exercet,</span> <span class='ocrx_word' id='word_1_16' title='bbox 743 564 801 639; x_wconf 89' lang='lat' dir='ltr'><strong>uti</strong></span> <span class='ocrx_word' id='word_1_17' title='bbox 823 588 1068 667; x_wconf 89' lang='lat' dir='ltr'><strong>quocumque</strong></span> <span class='ocrx_word' id='word_1_18' title='bbox 1087 562 1202 639; x_wconf 87' lang='lat' dir='ltr'><strong>modo</strong></span> <span class='ocrx_word' id='word_1_19' title='bbox 1222 580 1261 640; x_wconf 89' lang='lat' dir='ltr'><strong>et</strong></span> <span class='ocrx_word' id='word_1_20' title='bbox 1276 567 1566 673; x_wconf 76' lang='lat' dir='ltr'><strong>quamprimum</strong></span> <span class='ocrx_word' id='word_1_21' title='bbox 1580 573 1777 676; x_wconf 75' lang='lat' dir='ltr'><strong>respublica</strong></span> 
     </span>
     <span class='ocr_line' id='line_1_4' title="bbox 392 664 1779 799; baseline 0.003 -35"><span class='ocrx_word' id='word_1_22' title='bbox 392 664 604 767; x_wconf 72' lang='lat' dir='ltr'><strong>adiuvetur.</strong></span> <span class='ocrx_word' id='word_1_23' title='bbox 629 688 861 763; x_wconf 82' lang='lat' dir='ltr'>Libertatem</span> <span class='ocrx_word' id='word_1_24' title='bbox 874 686 995 791; x_wconf 83' lang='lat' dir='ltr'><strong>gloria</strong></span> <span class='ocrx_word' id='word_1_25' title='bbox 1007 686 1192 763; x_wconf 84' lang='lat' dir='ltr'><strong>rariorem</strong></span> <span class='ocrx_word' id='word_1_26' title='bbox 1207 686 1350 781; x_wconf 89' lang='lat' dir='ltr'><strong>babeo,</strong></span> <span class='ocrx_word' id='word_1_27' title='bbox 1371 707 1566 799; x_wconf 75' lang='lat' dir='ltr'><strong>atqueego</strong></span> <span class='ocrx_word' id='word_1_28' title='bbox 1578 710 1691 789; x_wconf 81' lang='lat' dir='ltr'><strong>teoro</strong></span> <span class='ocrx_word' id='word_1_29' title='bbox 1702 696 1779 776; x_wconf 53' lang='lat' dir='ltr'><strong>hor,</strong></span> 
     </span>
     <span class='ocr_line' id='line_1_5' title="bbox 390 810 1778 927; baseline 0.006 -36"><span class='ocrx_word' id='word_1_30' title='bbox 390 831 543 917; x_wconf 87' lang='lat' dir='ltr'><strong>torque,</strong></span> <span class='ocrx_word' id='word_1_31' title='bbox 571 838 620 888; x_wconf 90' lang='lat' dir='ltr'><strong>ne</strong></span> <span class='ocrx_word' id='word_1_32' title='bbox 643 810 884 887; x_wconf 85' lang='lat' dir='ltr'><strong>clarissumus</strong></span> <span class='ocrx_word' id='word_1_33' title='bbox 906 810 1135 915; x_wconf 88' lang='lat' dir='ltr'><strong>imperator,</strong></span> <span class='ocrx_word' id='word_1_34' title='bbox 1159 811 1310 887; x_wconf 85' lang='lat' dir='ltr'><strong>Gallica</strong></span> <span class='ocrx_word' id='word_1_35' title='bbox 1330 832 1441 921; x_wconf 83' lang='lat' dir='ltr'><strong>gente</strong></span> <span class='ocrx_word' id='word_1_36' title='bbox 1456 818 1634 911; x_wconf 88' lang='lat' dir='ltr'><strong>subacta,</strong></span> <span class='ocrx_word' id='word_1_37' title='bbox 1657 825 1778 927; x_wconf 90' lang='lat' dir='ltr'><strong>populi</strong></span> 
     </span>
     <span class='ocr_line' id='line_1_6' title="bbox 388 934 1779 1040; baseline 0.009 -29"><span class='ocrx_word' id='word_1_38' title='bbox 388 938 550 1014; x_wconf 89' lang='lat' dir='ltr'><strong>Romani</strong></span> <span class='ocrx_word' id='word_1_39' title='bbox 566 962 760 1013; x_wconf 87' lang='lat' dir='ltr'><strong>summum</strong></span> <span class='ocrx_word' id='word_1_40' title='bbox 777 950 893 1037; x_wconf 89' lang='lat' dir='ltr'><strong>atque</strong></span> <span class='ocrx_word' id='word_1_41' title='bbox 914 934 1101 1009; x_wconf 86' lang='lat' dir='ltr'><strong>invictum</strong></span> <span class='ocrx_word' id='word_1_42' title='bbox 1118 935 1324 1040; x_wconf 85' lang='lat' dir='ltr'><strong>imperium</strong></span> <span class='ocrx_word' id='word_1_43' title='bbox 1347 938 1534 1015; x_wconf 72' lang='lat' dir='ltr'>tabescere</span> <span class='ocrx_word' id='word_1_44' title='bbox 1546 959 1726 1021; x_wconf 80' lang='lat' dir='ltr'><strong>vetustate</strong></span> <span class='ocrx_word' id='word_1_45' title='bbox 1741 975 1779 1023; x_wconf 88' lang='lat' dir='ltr'><strong>ao</strong></span> 
     </span>
     <span class='ocr_line' id='line_1_7' title="bbox 388 1056 1780 1177; baseline 0.01 -41"><span class='ocrx_word' id='word_1_46' title='bbox 388 1088 457 1166; x_wconf 90' lang='lat' dir='ltr'><strong>per</strong></span> <span class='ocrx_word' id='word_1_47' title='bbox 469 1058 877 1137; x_wconf 85' lang='lat' dir='ltr'><strong>summamsocordiam</strong></span> <span class='ocrx_word' id='word_1_48' title='bbox 893 1056 1013 1132; x_wconf 89' lang='lat' dir='ltr'>dilabi</span> <span class='ocrx_word' id='word_1_49' title='bbox 1026 1057 1193 1161; x_wconf 79' lang='lat' dir='ltr'><strong>patiaris,</strong></span> <span class='ocrx_word' id='word_1_50' title='bbox 1215 1061 1389 1136; x_wconf 88' lang='lat' dir='ltr'><strong>Profecto</strong></span> <span class='ocrx_word' id='word_1_51' title='bbox 1397 1062 1427 1137; x_wconf 84' lang='lat' dir='ltr'><strong>si</strong></span> <span class='ocrx_word' id='word_1_52' title='bbox 1442 1064 1483 1139; x_wconf 88' lang='lat' dir='ltr'><strong>id</strong></span> <span class='ocrx_word' id='word_1_53' title='bbox 1490 1067 1654 1160; x_wconf 86' lang='lat' dir='ltr'><strong>accidat,</strong></span> <span class='ocrx_word' id='word_1_54' title='bbox 1668 1098 1780 1177; x_wconf 85' lang='lat' dir='ltr'><strong>neque</strong></span> 
     </span>
     <span class='ocr_line' id='line_1_8' title="bbox 387 1180 1781 1288; baseline 0.008 -29"><span class='ocrx_word' id='word_1_55' title='bbox 387 1184 457 1261; x_wconf 93' lang='lat' dir='ltr'><strong>tibi</strong></span> <span class='ocrx_word' id='word_1_56' title='bbox 472 1210 549 1260; x_wconf 87' lang='lat' dir='ltr'><strong>nox</strong></span> <span class='ocrx_word' id='word_1_57' title='bbox 561 1209 686 1286; x_wconf 87' lang='lat' dir='ltr'><strong>neque</strong></span> <span class='ocrx_word' id='word_1_58' title='bbox 698 1181 775 1257; x_wconf 86' lang='lat' dir='ltr'><strong>dies</strong></span> <span class='ocrx_word' id='word_1_59' title='bbox 785 1206 919 1255; x_wconf 88' lang='lat' dir='ltr'><strong>curam</strong></span> <span class='ocrx_word' id='word_1_60' title='bbox 935 1181 1055 1255; x_wconf 89' lang='lat' dir='ltr'><strong>animi</strong></span> <span class='ocrx_word' id='word_1_61' title='bbox 1072 1180 1272 1278; x_wconf 83' lang='lat' dir='ltr'><strong>sedaverit3</strong></span> <span class='ocrx_word' id='word_1_62' title='bbox 1285 1186 1381 1288; x_wconf 91' lang='lat' dir='ltr'><strong>quin</strong></span> <span class='ocrx_word' id='word_1_63' title='bbox 1390 1187 1589 1265; x_wconf 88' lang='lat' dir='ltr'><strong>insomniis</strong></span> <span class='ocrx_word' id='word_1_64' title='bbox 1598 1196 1781 1285; x_wconf 68' lang='lat' dir='ltr'><strong>exercitus</strong></span> 
     </span>
     <span class='ocr_line' id='line_1_9' title="bbox 385 1302 1805 1425; baseline 0.009 -42"><span class='ocrx_word' id='word_1_65' title='bbox 385 1306 619 1386; x_wconf 85' lang='lat' dir='ltr'><strong>furibundus</strong></span> <span class='ocrx_word' id='word_1_66' title='bbox 635 1322 750 1408; x_wconf 88' lang='lat' dir='ltr'><strong>atque</strong></span> <span class='ocrx_word' id='word_1_67' title='bbox 766 1328 894 1379; x_wconf 87' lang='lat' dir='ltr'><strong>amens</strong></span> <span class='ocrx_word' id='word_1_68' title='bbox 916 1302 1082 1379; x_wconf 89' lang='lat' dir='ltr'><strong>alienata</strong></span> <span class='ocrx_word' id='word_1_69' title='bbox 1099 1322 1226 1382; x_wconf 88' lang='lat' dir='ltr'><strong>mente</strong></span> <span class='ocrx_word' id='word_1_70' title='bbox 1242 1306 1382 1384; x_wconf 84' lang='lat' dir='ltr'><strong>feraris.</strong></span> <span class='ocrx_word' id='word_1_71' title='bbox 1412 1312 1588 1417; x_wconf 81' lang='lat' dir='ltr'><strong>Namque</strong></span> <span class='ocrx_word' id='word_1_72' title='bbox 1603 1317 1701 1394; x_wconf 91' lang='lat' dir='ltr'><strong>mihi</strong></span> <span class='ocrx_word' id='word_1_73' title='bbox 1719 1348 1780 1425; x_wconf 92' lang='lat' dir='ltr'><strong>pro</strong></span> <span class='ocrx_word' id='word_1_74' title='bbox 1801 1416 1805 1423; x_wconf 17' lang='lat' dir='ltr'><em>t</em></span> 
     </span>
     <span class='ocr_line' id='line_1_10' title="bbox 383 1425 1780 1523; baseline 0.01 -16"><span class='ocrx_word' id='word_1_75' title='bbox 383 1456 471 1509; x_wconf 86' lang='lat' dir='ltr'><strong>vero</strong></span> <span class='ocrx_word' id='word_1_76' title='bbox 495 1446 660 1515; x_wconf 86' lang='lat' dir='ltr'><strong>constat,</strong></span> <span class='ocrx_word' id='word_1_77' title='bbox 685 1428 861 1505; x_wconf 89' lang='lat' dir='ltr'><strong>omnium</strong></span> <span class='ocrx_word' id='word_1_78' title='bbox 881 1425 1105 1501; x_wconf 85' lang='lat' dir='ltr'><strong>mortalium</strong></span> <span class='ocrx_word' id='word_1_79' title='bbox 1131 1428 1251 1503; x_wconf 81' lang='lat' dir='ltr'><strong>vitam</strong></span> <span class='ocrx_word' id='word_1_80' title='bbox 1275 1430 1407 1510; x_wconf 82' lang='lat' dir='ltr'><strong>divino</strong></span> <span class='ocrx_word' id='word_1_81' title='bbox 1432 1438 1594 1515; x_wconf 85' lang='lat' dir='ltr'><strong>numine</strong></span> <span class='ocrx_word' id='word_1_82' title='bbox 1616 1440 1780 1523; x_wconf 81' lang='lat' dir='ltr'><strong>invisier:</strong></span> 
     </span>
     <span class='ocr_line' id='line_1_11' title="bbox 384 1548 1779 1663; baseline 0.001 -33"><span class='ocrx_word' id='word_1_83' title='bbox 384 1580 510 1655; x_wconf 86' lang='lat' dir='ltr'><strong>neque</strong></span> <span class='ocrx_word' id='word_1_84' title='bbox 527 1554 675 1628; x_wconf 89' lang='lat' dir='ltr'><strong>bonum</strong></span> <span class='ocrx_word' id='word_1_85' title='bbox 695 1577 819 1653; x_wconf 86' lang='lat' dir='ltr'><strong>neque</strong></span> <span class='ocrx_word' id='word_1_86' title='bbox 832 1549 978 1625; x_wconf 89' lang='lat' dir='ltr'><strong>malum</strong></span> <span class='ocrx_word' id='word_1_87' title='bbox 998 1548 1147 1626; x_wconf 85' lang='lat' dir='ltr'><strong>facinus</strong></span> <span class='ocrx_word' id='word_1_88' title='bbox 1165 1552 1393 1659; x_wconf 85' lang='lat' dir='ltr'><strong>cuiusquam</strong></span> <span class='ocrx_word' id='word_1_89' title='bbox 1404 1585 1475 1663; x_wconf 89' lang='lat' dir='ltr'><strong>pro</strong></span> <span class='ocrx_word' id='word_1_90' title='bbox 1493 1560 1618 1641; x_wconf 84' lang='lat' dir='ltr'><strong>nihilo</strong></span> <span class='ocrx_word' id='word_1_91' title='bbox 1635 1563 1779 1646; x_wconf 61' lang='lat' dir='ltr'><strong>haberi,</strong></span> 
     </span>
     <span class='ocr_line' id='line_1_12' title="bbox 382 1672 1781 1791; baseline 0.012 -45"><span class='ocrx_word' id='word_1_92' title='bbox 382 1676 461 1766; x_wconf 81' lang='lat' dir='ltr'><strong>sed,</strong></span> <span class='ocrx_word' id='word_1_93' title='bbox 492 1702 538 1751; x_wconf 80' lang='lat' dir='ltr'><strong>ex</strong></span> <span class='ocrx_word' id='word_1_94' title='bbox 569 1690 726 1762; x_wconf 88' lang='lat' dir='ltr'><strong>natura,</strong></span> <span class='ocrx_word' id='word_1_95' title='bbox 753 1672 900 1748; x_wconf 84' lang='lat' dir='ltr'><strong>divorsa</strong></span> <span class='ocrx_word' id='word_1_96' title='bbox 932 1675 1089 1777; x_wconf 87' lang='lat' dir='ltr'><strong>praemia</strong></span> <span class='ocrx_word' id='word_1_97' title='bbox 1115 1676 1236 1753; x_wconf 87' lang='lat' dir='ltr'><strong>bonos</strong></span> <span class='ocrx_word' id='word_1_98' title='bbox 1264 1680 1460 1786; x_wconf 92' lang='lat' dir='ltr'><strong>malosque</strong></span> <span class='ocrx_word' id='word_1_99' title='bbox 1487 1688 1604 1791; x_wconf 87' lang='lat' dir='ltr'><strong>sequi.</strong></span> <span class='ocrx_word' id='word_1_100' title='bbox 1641 1694 1781 1771; x_wconf 66' lang='lat' dir='ltr'><strong>Interea</strong></span> 
     </span>
     <span class='ocr_line' id='line_1_13' title="bbox 382 1796 1782 1902; baseline 0.013 -27"><span class='ocrx_word' id='word_1_101' title='bbox 382 1799 480 1877; x_wconf 82' lang='lat' dir='ltr'><strong>forte</strong></span> <span class='ocrx_word' id='word_1_102' title='bbox 500 1826 543 1876; x_wconf 87' lang='lat' dir='ltr'><strong>ea</strong></span> <span class='ocrx_word' id='word_1_103' title='bbox 567 1798 710 1873; x_wconf 73' lang='lat' dir='ltr'><strong>tardius</strong></span> <span class='ocrx_word' id='word_1_104' title='bbox 742 1796 983 1900; x_wconf 86' lang='lat' dir='ltr'><strong>procedunt:</strong></span> <span class='ocrx_word' id='word_1_105' title='bbox 1019 1822 1109 1873; x_wconf 91' lang='lat' dir='ltr'><strong>suus</strong></span> <span class='ocrx_word' id='word_1_106' title='bbox 1135 1799 1276 1902; x_wconf 90' lang='lat' dir='ltr'><strong>cuique</strong></span> <span class='ocrx_word' id='word_1_107' title='bbox 1304 1805 1457 1883; x_wconf 87' lang='lat' dir='ltr'><strong>animus</strong></span> <span class='ocrx_word' id='word_1_108' title='bbox 1483 1834 1530 1884; x_wconf 87' lang='lat' dir='ltr'><strong>ex</strong></span> <span class='ocrx_word' id='word_1_109' title='bbox 1557 1816 1782 1892; x_wconf 75' lang='lat' dir='ltr'><strong>conscientia</strong></span> 
     </span>
     <span class='ocr_line' id='line_1_14' title="bbox 336 1919 1783 2043; baseline 0.01 -43"><span class='ocrx_word' id='word_1_110' title='bbox 336 1940 371 2001; x_wconf 70' lang='grc' dir='ltr'><strong>ιδ</strong></span> <span class='ocrx_word' id='word_1_111' title='bbox 385 1950 491 2029; x_wconf 87' lang='lat' dir='ltr'><strong>spem</strong></span> <span class='ocrx_word' id='word_1_112' title='bbox 512 1922 663 2027; x_wconf 67' lang='lat' dir='ltr'><strong>praebet.</strong></span> <span class='ocrx_word' id='word_1_113' title='bbox 702 1919 818 2017; x_wconf 84' lang='lat' dir='ltr'><strong>Quod</strong></span> <span class='ocrx_word' id='word_1_114' title='bbox 839 1920 869 1995; x_wconf 87' lang='lat' dir='ltr'><strong>si</strong></span> <span class='ocrx_word' id='word_1_115' title='bbox 889 1936 1017 1995; x_wconf 88' lang='lat' dir='ltr'><strong>tecum</strong></span> <span class='ocrx_word' id='word_1_116' title='bbox 1038 1922 1161 2025; x_wconf 91' lang='lat' dir='ltr'><strong>patria</strong></span> <span class='ocrx_word' id='word_1_117' title='bbox 1182 1941 1299 2027; x_wconf 90' lang='lat' dir='ltr'><strong>atque</strong></span> <span class='ocrx_word' id='word_1_118' title='bbox 1315 1944 1491 2030; x_wconf 87' lang='lat' dir='ltr'><strong>parentes</strong></span> <span class='ocrx_word' id='word_1_119' title='bbox 1509 1953 1661 2037; x_wconf 84' lang='lat' dir='ltr'><strong>possent</strong></span> <span class='ocrx_word' id='word_1_120' title='bbox 1671 1938 1783 2043; x_wconf 87' lang='lat' dir='ltr'><strong>loqui,</strong></span> 
     </span>
     <span class='ocr_line' id='line_1_15' title="bbox 378 1937 1876 2288; baseline 0.013 -165"><span class='ocrx_word' id='word_1_121' title='bbox 378 2048 523 2123; x_wconf 82' lang='lat' dir='ltr'><strong>seilicet</strong></span> <span class='ocrx_word' id='word_1_122' title='bbox 549 2044 631 2119; x_wconf 84' lang='lat' dir='ltr'><strong>baec</strong></span> <span class='ocrx_word' id='word_1_123' title='bbox 659 2040 729 2118; x_wconf 92' lang='lat' dir='ltr'><strong>tibi</strong></span> <span class='ocrx_word' id='word_1_124' title='bbox 757 2042 955 2117; x_wconf 89' lang='lat' dir='ltr'>dicerent:</span> <span class='ocrx_word' id='word_1_125' title='bbox 991 2044 1026 2120; x_wconf 95' lang='grc' dir='ltr'><strong>Ο</strong></span> <span class='ocrx_word' id='word_1_126' title='bbox 1048 2048 1188 2138; x_wconf 81' lang='lat' dir='ltr'><strong>Caesar,</strong></span> <span class='ocrx_word' id='word_1_127' title='bbox 1213 2075 1282 2125; x_wconf 91' lang='lat' dir='ltr'><strong>nos</strong></span> <span class='ocrx_word' id='word_1_128' title='bbox 1303 2065 1339 2127; x_wconf 91' lang='lat' dir='ltr'><strong>te</strong></span> <span class='ocrx_word' id='word_1_129' title='bbox 1356 2054 1557 2159; x_wconf 83' lang='lat' dir='ltr'><strong>genuimus</strong></span> <span class='ocrx_word' id='word_1_130' title='bbox 1580 2058 1781 2141; x_wconf 81' lang='lat' dir='ltr'><strong>fortissumi</strong></span> <span class='ocrx_word' id='word_1_131' title='bbox 1867 1937 1876 2288; x_wconf 31' lang='lat' dir='ltr'><em>A</em></span> 
     </span>
     <span class='ocr_line' id='line_1_16' title="bbox 378 2164 1782 2283; baseline 0.014 -38"><span class='ocrx_word' id='word_1_132' title='bbox 378 2169 468 2258; x_wconf 83' lang='lat' dir='ltr'><strong>viri,</strong></span> <span class='ocrx_word' id='word_1_133' title='bbox 492 2168 535 2243; x_wconf 90' lang='lat' dir='ltr'><strong>in</strong></span> <span class='ocrx_word' id='word_1_134' title='bbox 557 2183 715 2273; x_wconf 87' lang='lat' dir='ltr'><strong>optuma</strong></span> <span class='ocrx_word' id='word_1_135' title='bbox 735 2165 850 2253; x_wconf 90' lang='lat' dir='ltr'><strong>urbe,</strong></span> <span class='ocrx_word' id='word_1_136' title='bbox 875 2164 990 2243; x_wconf 88' lang='lat' dir='ltr'><strong>decus</strong></span> <span class='ocrx_word' id='word_1_137' title='bbox 1013 2171 1310 2277; x_wconf 75' lang='lat' dir='ltr'><strong>praesidiumque</strong></span> <span class='ocrx_word' id='word_1_138' title='bbox 1330 2177 1458 2268; x_wconf 90' lang='lat' dir='ltr'><strong>nobis,</strong></span> <span class='ocrx_word' id='word_1_139' title='bbox 1481 2177 1655 2261; x_wconf 85' lang='lat' dir='ltr'><strong>hostibus</strong></span> <span class='ocrx_word' id='word_1_140' title='bbox 1670 2201 1782 2283; x_wconf 72' lang='lat' dir='ltr'><strong>terro-</strong></span> 
     </span>
     <span class='ocr_line' id='line_1_17' title="bbox 378 2286 1780 2403; baseline 0.015 -35"><span class='ocrx_word' id='word_1_141' title='bbox 378 2296 475 2369; x_wconf 88' lang='lat' dir='ltr'><strong>rem!</strong></span> <span class='ocrx_word' id='word_1_142' title='bbox 503 2291 601 2388; x_wconf 84' lang='lat' dir='ltr'><strong>Quae</strong></span> <span class='ocrx_word' id='word_1_143' title='bbox 625 2286 756 2363; x_wconf 89' lang='lat' dir='ltr'><strong>multis</strong></span> <span class='ocrx_word' id='word_1_144' title='bbox 784 2287 982 2365; x_wconf 83' lang='lat' dir='ltr'><strong>laboribus</strong></span> <span class='ocrx_word' id='word_1_145' title='bbox 1008 2308 1046 2366; x_wconf 89' lang='lat' dir='ltr'><strong>et</strong></span> <span class='ocrx_word' id='word_1_146' title='bbox 1074 2295 1254 2396; x_wconf 87' lang='lat' dir='ltr'><strong>periculis</strong></span> <span class='ocrx_word' id='word_1_147' title='bbox 1275 2322 1511 2403; x_wconf 81' lang='lat' dir='ltr'><strong>ceperamus,</strong></span> <span class='ocrx_word' id='word_1_148' title='bbox 1543 2329 1586 2383; x_wconf 89' lang='lat' dir='ltr'><strong>ea</strong></span> <span class='ocrx_word' id='word_1_149' title='bbox 1609 2309 1681 2385; x_wconf 90' lang='lat' dir='ltr'><strong>tibi</strong></span> <span class='ocrx_word' id='word_1_150' title='bbox 1700 2342 1780 2389; x_wconf 76' lang='lat' dir='ltr'><strong>nas</strong></span> 
     </span>
     <span class='ocr_line' id='line_1_18' title="bbox 377 2408 1780 2533; baseline 0.011 -41"><span class='ocrx_word' id='word_1_151' title='bbox 377 2416 480 2493; x_wconf 90' lang='lat' dir='ltr'><strong>oenti</strong></span> <span class='ocrx_word' id='word_1_152' title='bbox 498 2440 588 2489; x_wconf 87' lang='lat' dir='ltr'><strong>oum</strong></span> <span class='ocrx_word' id='word_1_153' title='bbox 611 2412 741 2487; x_wconf 89' lang='lat' dir='ltr'><strong>anima</strong></span> <span class='ocrx_word' id='word_1_154' title='bbox 761 2408 877 2485; x_wconf 79' lang='lat' dir='ltr'><strong>timul</strong></span> <span class='ocrx_word' id='word_1_155' title='bbox 902 2412 1146 2508; x_wconf 83' lang='lat' dir='ltr'><strong>tradidimus,</strong></span> <span class='ocrx_word' id='word_1_156' title='bbox 1171 2422 1338 2522; x_wconf 85' lang='lat' dir='ltr'><strong>patriam</strong></span> <span class='ocrx_word' id='word_1_157' title='bbox 1358 2451 1577 2505; x_wconf 83' lang='lat' dir='ltr'><strong>maxumam</strong></span> <span class='ocrx_word' id='word_1_158' title='bbox 1597 2432 1640 2509; x_wconf 89' lang='lat' dir='ltr'><strong>in</strong></span> <span class='ocrx_word' id='word_1_159' title='bbox 1661 2439 1780 2533; x_wconf 78' lang='lat' dir='ltr'><strong>terris3</strong></span> 
     </span>
     <span class='ocr_line' id='line_1_19' title="bbox 376 2455 1876 2780; baseline 0.019 -167"><span class='ocrx_word' id='word_1_160' title='bbox 376 2538 536 2615; x_wconf 86' lang='lat' dir='ltr'><strong>domum</strong></span> <span class='ocrx_word' id='word_1_161' title='bbox 562 2534 824 2636; x_wconf 83' lang='lat' dir='ltr'><strong>familiamque</strong></span> <span class='ocrx_word' id='word_1_162' title='bbox 848 2532 890 2607; x_wconf 88' lang='lat' dir='ltr'><strong>in</strong></span> <span class='ocrx_word' id='word_1_163' title='bbox 911 2539 1036 2640; x_wconf 86' lang='lat' dir='ltr'><strong>patria</strong></span> <span class='ocrx_word' id='word_1_164' title='bbox 1058 2538 1338 2641; x_wconf 85' lang='lat' dir='ltr'><strong>clarissumam;</strong></span> <span class='ocrx_word' id='word_1_165' title='bbox 1369 2565 1548 2654; x_wconf 79' lang='lat' dir='ltr'><strong>praeterea</strong></span> <span class='ocrx_word' id='word_1_166' title='bbox 1582 2556 1704 2637; x_wconf 89' lang='lat' dir='ltr'><strong>bonas</strong></span> <span class='ocrx_word' id='word_1_167' title='bbox 1726 2591 1779 2639; x_wconf 71' lang='lat' dir='ltr'><strong>ar-</strong></span> <span class='ocrx_word' id='word_1_168' title='bbox 1865 2455 1876 2780; x_wconf 56' lang='grc'>1</span> 
     </span>
     <span class='ocr_line' id='line_1_20' title="bbox 378 2657 1779 2792; baseline 0.017 -54"><span class='ocrx_word' id='word_1_169' title='bbox 378 2660 642 2751; x_wconf 67' lang='lat' dir='ltr'><strong>traheretur</strong></span> <span class='ocrx_word' id='word_1_170' title='bbox 663 2657 833 2753; x_wconf 79' lang='lat' dir='ltr'><strong>divitias3</strong></span> <span class='ocrx_word' id='word_1_171' title='bbox 845 2675 1035 2762; x_wconf 87' lang='lat' dir='ltr'><strong>postremo</strong></span> <span class='ocrx_word' id='word_1_172' title='bbox 1061 2665 1191 2767; x_wconf 88' lang='lat' dir='ltr'><strong>omnia</strong></span> <span class='ocrx_word' id='word_1_173' title='bbox 1211 2665 1498 2750; x_wconf 85' lang='lat' dir='ltr'><strong>honestamenta</strong></span> <span class='ocrx_word' id='word_1_174' title='bbox 1517 2678 1622 2783; x_wconf 87' lang='lat' dir='ltr'><strong>pacis</strong></span> <span class='ocrx_word' id='word_1_175' title='bbox 1634 2700 1675 2758; x_wconf 92' lang='lat' dir='ltr'><strong>et</strong></span> <span class='ocrx_word' id='word_1_176' title='bbox 1689 2713 1779 2792; x_wconf 77' lang='lat' dir='ltr'><strong>praa·</strong></span> 
     </span>
     <span class='ocr_line' id='line_1_21' title="bbox 376 2778 1875 2903; baseline 0.02 -44"><span class='ocrx_word' id='word_1_177' title='bbox 376 2784 452 2859; x_wconf 88' lang='lat' dir='ltr'><strong>mia</strong></span> <span class='ocrx_word' id='word_1_178' title='bbox 473 2782 575 2859; x_wconf 86' lang='lat' dir='ltr'><strong>belli</strong></span> <span class='ocrx_word' id='word_1_179' title='bbox 621 2782 694 2857; x_wconf 89' lang='lat' dir='ltr'><strong>Pro</strong></span> <span class='ocrx_word' id='word_1_180' title='bbox 714 2778 775 2855; x_wconf 87' lang='lat' dir='ltr'><strong>his</strong></span> <span class='ocrx_word' id='word_1_181' title='bbox 805 2780 1058 2885; x_wconf 84' lang='lat' dir='ltr'><strong>amplissumis</strong></span> <span class='ocrx_word' id='word_1_182' title='bbox 1077 2786 1270 2867; x_wconf 85' lang='lat' dir='ltr'><strong>beneficiis</strong></span> <span class='ocrx_word' id='word_1_183' title='bbox 1292 2821 1374 2870; x_wconf 88' lang='lat' dir='ltr'><strong>non</strong></span> <span class='ocrx_word' id='word_1_184' title='bbox 1404 2795 1595 2903; x_wconf 78' lang='lat' dir='ltr'><strong>flagitium</strong></span> <span class='ocrx_word' id='word_1_185' title='bbox 1615 2828 1638 2879; x_wconf 86' lang='lat' dir='ltr'><strong>a</strong></span> <span class='ocrx_word' id='word_1_186' title='bbox 1660 2822 1699 2885; x_wconf 85' lang='lat' dir='ltr'><strong>te</strong></span> <span class='ocrx_word' id='word_1_187' title='bbox 1719 2838 1778 2887; x_wconf 84' lang='lat' dir='ltr'><strong>ne·</strong></span> <span class='ocrx_word' id='word_1_188' title='bbox 1874 2785 1875 2796; x_wconf 46' lang='lat'><strong>,</strong></span> 
     </span>
     <span class='ocr_line' id='line_1_22' title="bbox 376 2902 1875 3013; baseline 0.018 -30"><span class='ocrx_word' id='word_1_189' title='bbox 376 2934 451 3013; x_wconf 86' lang='lat' dir='ltr'><strong>que</strong></span> <span class='ocrx_word' id='word_1_190' title='bbox 475 2905 623 2982; x_wconf 90' lang='lat' dir='ltr'><strong>malum</strong></span> <span class='ocrx_word' id='word_1_191' title='bbox 638 2902 787 2981; x_wconf 87' lang='lat' dir='ltr'><strong>facinus</strong></span> <span class='ocrx_word' id='word_1_192' title='bbox 810 2904 996 3009; x_wconf 71' lang='lat' dir='ltr'><strong>petimus,</strong></span> <span class='ocrx_word' id='word_1_193' title='bbox 1019 2908 1084 2984; x_wconf 86' lang='lat' dir='ltr'><strong>sed</strong></span> <span class='ocrx_word' id='word_1_194' title='bbox 1101 2912 1160 2985; x_wconf 92' lang='lat' dir='ltr'><strong>uti</strong></span> <span class='ocrx_word' id='word_1_195' title='bbox 1178 2912 1394 2993; x_wconf 80' lang='lat' dir='ltr'><strong>libertatem</strong></span> <span class='ocrx_word' id='word_1_196' title='bbox 1409 2946 1576 3001; x_wconf 82' lang='lat' dir='ltr'><strong>eversam</strong></span> <span class='ocrx_word' id='word_1_197' title='bbox 1599 2930 1774 3010; x_wconf 81' lang='lat' dir='ltr'><strong>restituas.</strong></span> <span class='ocrx_word' id='word_1_198' title='bbox 1874 2913 1875 2918; x_wconf 7' lang='grc' dir='ltr'><strong>Ἰ</strong></span> 
     </span>
     <span class='ocr_line' id='line_1_23' title="bbox 375 3026 1775 3136; baseline 0.02 -30"><span class='ocrx_word' id='word_1_199' title='bbox 375 3032 464 3130; x_wconf 91' lang='lat' dir='ltr'><strong>Qua</strong></span> <span class='ocrx_word' id='word_1_200' title='bbox 481 3056 523 3109; x_wconf 91' lang='lat' dir='ltr'><strong>re</strong></span> <span class='ocrx_word' id='word_1_201' title='bbox 538 3044 707 3134; x_wconf 84' lang='lat' dir='ltr'><strong>patrata,</strong></span> <span class='ocrx_word' id='word_1_202' title='bbox 732 3026 901 3131; x_wconf 85' lang='lat' dir='ltr'><strong>profecto</strong></span> <span class='ocrx_word' id='word_1_203' title='bbox 919 3056 990 3132; x_wconf 87' lang='lat' dir='ltr'><strong>per</strong></span> <span class='ocrx_word' id='word_1_204' title='bbox 1009 3047 1136 3136; x_wconf 80' lang='lat' dir='ltr'><strong>gentas</strong></span> <span class='ocrx_word' id='word_1_205' title='bbox 1155 3037 1279 3113; x_wconf 88' lang='lat' dir='ltr'><strong>omnis</strong></span> <span class='ocrx_word' id='word_1_206' title='bbox 1304 3039 1406 3118; x_wconf 83' lang='lat' dir='ltr'><strong>fama</strong></span> <span class='ocrx_word' id='word_1_207' title='bbox 1425 3044 1576 3125; x_wconf 83' lang='lat' dir='ltr'><strong>virtutis</strong></span> <span class='ocrx_word' id='word_1_208' title='bbox 1592 3067 1668 3129; x_wconf 84' lang='lat' dir='ltr'><strong>tuae</strong></span> <span class='ocrx_word' id='word_1_209' title='bbox 1689 3060 1775 3135; x_wconf 82' lang='lat' dir='ltr'><strong>roli-</strong></span> 
     </span>
     <span class='ocr_line' id='line_1_24' title="bbox 375 3148 1774 3281; baseline 0.009 -50"><span class='ocrx_word' id='word_1_210' title='bbox 375 3155 481 3231; x_wconf 82' lang='lat' dir='ltr'><strong>tabit</strong></span> <span class='ocrx_word' id='word_1_211' title='bbox 532 3154 705 3254; x_wconf 83' lang='lat' dir='ltr'><strong>Namque</strong></span> <span class='ocrx_word' id='word_1_212' title='bbox 723 3148 797 3224; x_wconf 89' lang='lat' dir='ltr'><strong>hac</strong></span> <span class='ocrx_word' id='word_1_213' title='bbox 818 3166 1056 3255; x_wconf 85' lang='lat' dir='ltr'><strong>tempestate,</strong></span> <span class='ocrx_word' id='word_1_214' title='bbox 1082 3158 1230 3232; x_wconf 84' lang='lat' dir='ltr'><strong>tametsi</strong></span> <span class='ocrx_word' id='word_1_215' title='bbox 1250 3157 1354 3238; x_wconf 89' lang='lat' dir='ltr'><strong>domi</strong></span> <span class='ocrx_word' id='word_1_216' title='bbox 1376 3166 1600 3277; x_wconf 72' lang='lat' dir='ltr'><strong>militiaeque</strong></span> <span class='ocrx_word' id='word_1_217' title='bbox 1625 3182 1774 3281; x_wconf 66' lang='lat' dir='ltr'><strong>pmcla.</strong></span> 
     </span>
     <span class='ocr_line' id='line_1_25' title="bbox 373 3272 1773 3384; baseline 0.02 -29"><span class='ocrx_word' id='word_1_218' title='bbox 373 3305 415 3355; x_wconf 87' lang='lat' dir='ltr'><strong>ra</strong></span> <span class='ocrx_word' id='word_1_219' title='bbox 432 3276 603 3353; x_wconf 81' lang='lat' dir='ltr'><strong>facinora</strong></span> <span class='ocrx_word' id='word_1_220' title='bbox 624 3272 750 3377; x_wconf 77' lang='lat' dir='ltr'><strong>egisti,</strong></span> <span class='ocrx_word' id='word_1_221' title='bbox 774 3286 906 3347; x_wconf 68' lang='lat' dir='ltr'><strong>tamen&#39;</strong></span> <span class='ocrx_word' id='word_1_222' title='bbox 922 3274 1042 3382; x_wconf 77' lang='lat' dir='ltr'><strong>gloria</strong></span> <span class='ocrx_word' id='word_1_223' title='bbox 1063 3292 1130 3361; x_wconf 85' lang='lat' dir='ltr'><strong>tua</strong></span> <span class='ocrx_word' id='word_1_224' title='bbox 1159 3306 1250 3356; x_wconf 89' lang='lat' dir='ltr'><strong>cum</strong></span> <span class='ocrx_word' id='word_1_225' title='bbox 1271 3286 1402 3363; x_wconf 86' lang='lat' dir='ltr'><strong>multis</strong></span> <span class='ocrx_word' id='word_1_226' title='bbox 1433 3292 1522 3369; x_wconf 83' lang='lat' dir='ltr'><strong>viris</strong></span> <span class='ocrx_word' id='word_1_227' title='bbox 1548 3296 1712 3380; x_wconf 87' lang='lat' dir='ltr'><strong>sortibus</strong></span> <span class='ocrx_word' id='word_1_228' title='bbox 1729 3332 1773 3384; x_wconf 81' lang='lat' dir='ltr'><strong>a·</strong></span> 
     </span>
     <span class='ocr_line' id='line_1_26' title="bbox 373 3396 1770 3535; baseline 0.021 -61"><span class='ocrx_word' id='word_1_229' title='bbox 373 3402 497 3505; x_wconf 67' lang='lat' dir='ltr'><strong>qumis</strong></span> <span class='ocrx_word' id='word_1_230' title='bbox 513 3416 567 3475; x_wconf 89' lang='lat' dir='ltr'><strong>est</strong></span> <span class='ocrx_word' id='word_1_231' title='bbox 589 3432 596 3471; x_wconf 91' lang='lat'>:</span> <span class='ocrx_word' id='word_1_232' title='bbox 621 3396 761 3471; x_wconf 84' lang='lat' dir='ltr'><strong>sivero</strong></span> <span class='ocrx_word' id='word_1_233' title='bbox 784 3398 921 3472; x_wconf 90' lang='lat' dir='ltr'><strong>urbem</strong></span> <span class='ocrx_word' id='word_1_234' title='bbox 946 3398 1192 3501; x_wconf 86' lang='lat' dir='ltr'><strong>amplissumo</strong></span> <span class='ocrx_word' id='word_1_235' title='bbox 1215 3409 1391 3500; x_wconf 89' lang='lat' dir='ltr'><strong>nomine,</strong></span> <span class='ocrx_word' id='word_1_236' title='bbox 1412 3430 1452 3489; x_wconf 86' lang='lat' dir='ltr'><strong>et</strong></span> <span class='ocrx_word' id='word_1_237' title='bbox 1467 3445 1646 3500; x_wconf 84' lang='lat' dir='ltr'><strong>maxumo</strong></span> <span class='ocrx_word' id='word_1_238' title='bbox 1659 3428 1770 3535; x_wconf 84' lang='lat' dir='ltr'><strong>impe·</strong></span> 
     </span>
     <span class='ocr_line' id='line_1_27' title="bbox 373 3518 1768 3649; baseline 0.029 -59"><span class='ocrx_word' id='word_1_239' title='bbox 373 3526 450 3615; x_wconf 72' lang='lat' dir='ltr'><strong>rio,</strong></span> <span class='ocrx_word' id='word_1_240' title='bbox 472 3548 593 3629; x_wconf 83' lang='lat' dir='ltr'><strong>prope</strong></span> <span class='ocrx_word' id='word_1_241' title='bbox 615 3520 692 3593; x_wconf 86' lang='lat' dir='ltr'><strong>iam</strong></span> <span class='ocrx_word' id='word_1_242' title='bbox 715 3518 764 3591; x_wconf 91' lang='lat' dir='ltr'><strong>ab</strong></span> <span class='ocrx_word' id='word_1_243' title='bbox 786 3546 920 3596; x_wconf 86' lang='lat' dir='ltr'><strong>occasu</strong></span> <span class='ocrx_word' id='word_1_244' title='bbox 937 3521 1166 3618; x_wconf 78' lang='lat' dir='ltr'><strong>restitueris5</strong></span> <span class='ocrx_word' id='word_1_245' title='bbox 1190 3529 1276 3633; x_wconf 89' lang='lat' dir='ltr'><strong>quis</strong></span> <span class='ocrx_word' id='word_1_246' title='bbox 1291 3548 1334 3607; x_wconf 84' lang='lat' dir='ltr'><strong>te</strong></span> <span class='ocrx_word' id='word_1_247' title='bbox 1350 3535 1504 3631; x_wconf 88' lang='lat' dir='ltr'><strong>clarior,</strong></span> <span class='ocrx_word' id='word_1_248' title='bbox 1529 3546 1616 3649; x_wconf 87' lang='lat' dir='ltr'><strong>quis</strong></span> <span class='ocrx_word' id='word_1_249' title='bbox 1638 3554 1768 3645; x_wconf 87' lang='lat' dir='ltr'><strong>maior,</strong></span> 
     </span>
     <span class='ocr_line' id='line_1_28' title="bbox 373 3640 1767 3773; baseline 0.022 -55"><span class='ocrx_word' id='word_1_250' title='bbox 373 3648 416 3725; x_wconf 84' lang='lat' dir='ltr'><strong>in</strong></span> <span class='ocrx_word' id='word_1_251' title='bbox 444 3646 552 3721; x_wconf 90' lang='lat' dir='ltr'><strong>terris</strong></span> <span class='ocrx_word' id='word_1_252' title='bbox 568 3642 708 3719; x_wconf 72' lang='lat' dir='ltr'><strong>fueriti</strong></span> <span class='ocrx_word' id='word_1_253' title='bbox 731 3640 890 3747; x_wconf 88' lang='lat' dir='ltr'><strong>Quippe</strong></span> <span class='ocrx_word' id='word_1_254' title='bbox 910 3643 941 3717; x_wconf 84' lang='lat' dir='ltr'><strong>si</strong></span> <span class='ocrx_word' id='word_1_255' title='bbox 963 3645 1098 3721; x_wconf 89' lang='lat' dir='ltr'><strong>morbo</strong></span> <span class='ocrx_word' id='word_1_256' title='bbox 1113 3646 1277 3728; x_wconf 88' lang='lat' dir='ltr'><strong>iamaut</strong></span> <span class='ocrx_word' id='word_1_257' title='bbox 1290 3654 1370 3733; x_wconf 78' lang='lat' dir='ltr'><strong>fato</strong></span> <span class='ocrx_word' id='word_1_258' title='bbox 1384 3658 1478 3739; x_wconf 90' lang='lat' dir='ltr'><strong>buic</strong></span> <span class='ocrx_word' id='word_1_259' title='bbox 1493 3665 1654 3773; x_wconf 88' lang='lat' dir='ltr'><strong>imperio</strong></span> <span class='ocrx_word' id='word_1_260' title='bbox 1670 3701 1767 3755; x_wconf 82' lang='lat' dir='ltr'><strong>tectu</strong></span> 
     </span>
    </p>
   </div>
   <div class='ocr_carea' id='block_1_3' title="bbox 371 3866 1764 4167">
    <p class='ocr_par' dir='ltr' id='par_1_3' title="bbox 371 3866 1764 4167">
     <span class='ocr_line' id='line_1_29' title="bbox 373 3866 1763 3968; baseline -0.017 -28"><span class='ocrx_word' id='word_1_261' title='bbox 373 3876 597 3958; x_wconf 82' lang='lat' dir='ltr'><strong>quamprimum.</strong></span> <span class='ocrx_word' id='word_1_262' title='bbox 618 3878 646 3931; x_wconf 78' lang='lat' dir='ltr'><strong>et</strong></span> <span class='ocrx_word' id='word_1_263' title='bbox 666 3891 726 3930; x_wconf 85' lang='lat' dir='ltr'><strong>om.</strong></span> <span class='ocrx_word' id='word_1_264' title='bbox 746 3866 831 3929; x_wconf 77' lang='lat' dir='ltr'><strong>Febr.</strong></span> <span class='ocrx_word' id='word_1_265' title='bbox 852 3878 881 3929; x_wconf 86' lang='lat' dir='ltr'><strong>et</strong></span> <span class='ocrx_word' id='word_1_266' title='bbox 899 3868 975 3929; x_wconf 83' lang='lat' dir='ltr'><strong>Brlc.</strong></span> <span class='ocrx_word' id='word_1_267' title='bbox 995 3890 1142 3934; x_wconf 72' lang='lat' dir='ltr'><strong>suminam</strong></span> <span class='ocrx_word' id='word_1_268' title='bbox 1161 3876 1356 3947; x_wconf 54' lang='grc' dir='ltr'><strong>ἀὺωγὼῃιω,</strong></span> <span class='ocrx_word' id='word_1_269' title='bbox 1374 3891 1542 3955; x_wconf 47' lang='lat' dir='ltr'><strong>„cmm</strong></span> <span class='ocrx_word' id='word_1_270' title='bbox 1561 3911 1667 3966; x_wconf 53' lang='lat' dir='ltr'><strong>„tem</strong></span> <span class='ocrx_word' id='word_1_271' title='bbox 1682 3904 1763 3968; x_wconf 57' lang='lat' dir='ltr'><strong>mm</strong></span> 
     </span>
     <span class='ocr_line' id='line_1_30' title="bbox 372 3972 1764 4077; baseline 0.001 -32"><span class='ocrx_word' id='word_1_272' title='bbox 372 3986 413 4045; x_wconf 85' lang='lat' dir='ltr'><strong>ita</strong></span> <span class='ocrx_word' id='word_1_273' title='bbox 425 3983 513 4043; x_wconf 79' lang='lat' dir='ltr'><strong>etiam</strong></span> <span class='ocrx_word' id='word_1_274' title='bbox 528 3977 629 4038; x_wconf 86' lang='lat' dir='ltr'><strong>Carrio</strong></span> <span class='ocrx_word' id='word_1_275' title='bbox 649 3987 677 4039; x_wconf 84' lang='lat' dir='ltr'><strong>et</strong></span> <span class='ocrx_word' id='word_1_276' title='bbox 687 3976 786 4035; x_wconf 79' lang='lat' dir='ltr'><strong>Doara</strong></span> <span class='ocrx_word' id='word_1_277' title='bbox 804 3972 889 4034; x_wconf 71' lang='lat' dir='ltr'><strong>sembi</strong></span> <span class='ocrx_word' id='word_1_278' title='bbox 910 3974 1063 4035; x_wconf 74' lang='lat' dir='ltr'><strong>lauterunt.</strong></span> <span class='ocrx_word' id='word_1_279' title='bbox 1084 3975 1117 4036; x_wconf 84' lang='lat' dir='ltr'><strong>in</strong></span> <span class='ocrx_word' id='word_1_280' title='bbox 1132 3986 1366 4051; x_wconf 71' lang='lat' dir='ltr'><strong>somniaeroitus</strong></span> <span class='ocrx_word' id='word_1_281' title='bbox 1379 3992 1469 4057; x_wconf 74' lang='lat' dir='ltr'><strong>Febr.</strong></span> <span class='ocrx_word' id='word_1_282' title='bbox 1490 4012 1519 4061; x_wconf 78' lang='lat' dir='ltr'><strong>st</strong></span> <span class='ocrx_word' id='word_1_283' title='bbox 1536 4001 1612 4071; x_wconf 53' lang='lat'><strong>3110,</strong></span> <span class='ocrx_word' id='word_1_284' title='bbox 1631 4012 1764 4077; x_wconf 53' lang='lat' dir='ltr'><strong>emp„</strong></span> 
     </span>
     <span class='ocr_line' id='line_1_31' title="bbox 371 4076 1514 4167; baseline -0.02 -16"><span class='ocrx_word' id='word_1_285' title='bbox 371 4096 453 4151; x_wconf 80' lang='lat' dir='ltr'><strong>vetut</strong></span> <span class='ocrx_word' id='word_1_286' title='bbox 465 4084 571 4145; x_wconf 82' lang='lat' dir='ltr'><strong>Editio.</strong></span> <span class='ocrx_word' id='word_1_287' title='bbox 593 4080 709 4140; x_wconf 75' lang='lat' dir='ltr'><strong>t&#39;nt’t’st&#39;er</strong></span> <span class='ocrx_word' id='word_1_288' title='bbox 723 4076 816 4137; x_wconf 76' lang='lat' dir='ltr'><strong>Vallo.</strong></span> <span class='ocrx_word' id='word_1_289' title='bbox 837 4076 951 4137; x_wconf 70' lang='lat' dir='ltr'><strong>invisln&#39;</strong></span> <span class='ocrx_word' id='word_1_290' title='bbox 971 4078 1053 4140; x_wconf 78' lang='lat' dir='ltr'><strong>Febr.</strong></span> <span class='ocrx_word' id='word_1_291' title='bbox 1073 4079 1149 4145; x_wconf 77' lang='lat' dir='ltr'><strong>Bria.</strong></span> <span class='ocrx_word' id='word_1_292' title='bbox 1170 4087 1287 4152; x_wconf 55' lang='lat' dir='ltr'><strong>invisi„</strong></span> <span class='ocrx_word' id='word_1_293' title='bbox 1305 4106 1386 4158; x_wconf 60' lang='lat' dir='ltr'><strong>„qm</strong></span> <span class='ocrx_word' id='word_1_294' title='bbox 1405 4099 1514 4167; x_wconf 51' lang='lat' dir='ltr'><strong>mitio·</strong></span> 
     </span>
    </p>
   </div>
   <div class='ocr_carea' id='block_1_4' title="bbox 371 4109 1760 4282">
    <p class='ocr_par' dir='ltr' id='par_1_4' title="bbox 371 4109 1760 4282">
     <span class='ocr_line' id='line_1_32' title="bbox 1542 4109 1760 4199; baseline 0.014 -26"><span class='ocrx_word' id='word_1_295' title='bbox 1542 4109 1636 4176; x_wconf 73' lang='lat' dir='ltr'><strong>diviso</strong></span> <span class='ocrx_word' id='word_1_296' title='bbox 1645 4117 1760 4199; x_wconf 80' lang='lat' dir='ltr'><strong>proeoo&#39;o</strong></span> 
     </span>
     <span class='ocr_line' id='line_1_33' title="bbox 371 4183 1270 4282; baseline -0.003 -29"><span class='ocrx_word' id='word_1_297' title='bbox 371 4191 457 4255; x_wconf 72' lang='lat' dir='ltr'><strong>Febr.</strong></span> <span class='ocrx_word' id='word_1_298' title='bbox 477 4189 552 4251; x_wconf 80' lang='lat' dir='ltr'><strong>Bria.</strong></span> <span class='ocrx_word' id='word_1_299' title='bbox 573 4186 671 4245; x_wconf 78' lang='lat' dir='ltr'><strong>Vatia.</strong></span> <span class='ocrx_word' id='word_1_300' title='bbox 693 4184 805 4243; x_wconf 80' lang='lat' dir='ltr'><strong>intereo</strong></span> <span class='ocrx_word' id='word_1_301' title='bbox 818 4183 1072 4246; x_wconf 61' lang='lat' dir='ltr'><strong>clementorum</strong></span> <span class='ocrx_word' id='word_1_302' title='bbox 1091 4187 1175 4253; x_wconf 76' lang='lat' dir='ltr'><strong>Febr.</strong></span> <span class='ocrx_word' id='word_1_303' title='bbox 1191 4192 1270 4282; x_wconf 59' lang='grc' dir='ltr'><strong>βιῶ.</strong></span> 
     </span>
    </p>
   </div>
   <div class='ocr_carea' id='block_1_5' title="bbox 0 0 1930 4867">
    <p class='ocr_par' dir='ltr' id='par_1_5' title="bbox 0 0 1930 4867">
     <span class='ocr_line' id='line_1_34' title="bbox 0 0 1930 4867; baseline 0 2"><span class='ocrx_word' id='word_1_304' title='bbox 0 0 1930 4867; x_wconf 95' lang='lat' dir='ltr'><strong> </strong></span> 
     </span>
    </p>
   </div>
  </div>
 </body>
</html>
