3850 4867
232 311 408 402 ,28

362 487 671 566 declaranturlll
684 489 835 567 Tullius
855 508 894 567 et
913 493 951 569 C.
972 491 1180 585 Antonius,
1205 493 1310 597 quod
1331 492 1476 567 factum
1488 492 1614 597 primo
1630 517 1757 595 popu-

360 611 456 690 lares
469 614 744 690 coniurationis
757 637 1002 694 concusserat
1028 625 1158 720 Neque
1175 633 1302 692 tamen
1320 616 1493 692 Catilinae
1508 616 1616 690 furor
1627 617 1758 689 minu-

287 775 291 790 *
359 738 516 834 ebatur3
527 738 592 814 sed
607 737 647 814 in
664 739 742 815 dies
755 739 867 830 plura
883 741 1042 845 agitare3
1056 769 1161 816 arma
1176 767 1246 847 per
1264 741 1416 814 Italiam
1430 740 1520 814 locis
1532 739 1759 843 opportunis

360 885 516 967 parare;
539 862 743 964 pecuniam
761 888 828 938 aua
853 880 920 938 aut
939 864 1152 939 amicorum
1173 865 1249 940 lide
1272 881 1438 938 sumtam
1461 881 1653 951 mutuam,
1679 864 1762 936 Fae-

360 985 462 1061 sulas
478 984 529 1060 ad
543 984 734 1060 Manlium
752 987 956 1089 quemdam
974 1004 1144 1090 portare,
1170 988 1236 1091 qui
1249 1003 1375 1091 postea
1391 989 1567 1091 princeps
1579 987 1655 1061 fuit
1667 983 1758 1061 belli

361 1105 544 1198 faciundi.
583 1112 638 1183 Ea
663 1125 881 1214 tempestate
902 1109 1088 1213 plurimos
1114 1111 1299 1212 cuiusque
1329 1112 1474 1215 generis
1493 1108 1667 1184 homines
1692 1108 1761 1184 ad·

360 1233 506 1309 scivisse
526 1233 598 1309 sibi
620 1233 781 1327 dicitur;
804 1232 980 1308 mulieres
1003 1233 1119 1308 etiam
1141 1234 1308 1337 aliquot,
1332 1258 1419 1337 quoe
1446 1234 1571 1337 primo
1596 1231 1761 1338 ingentis

361 1374 508 1433 sumtus
532 1373 665 1463 stupro
690 1357 858 1461 corporis
884 1356 1159 1432 toleraverant:
1184 1375 1270 1461 port
1294 1358 1363 1432 ubi
1383 1374 1471 1432 aetas
1493 1356 1762 1431 tantummodo

298 1473 301 1479 ¹
363 1479 541 1584 quaestui,
566 1509 690 1588 neque
713 1480 875 1556 luxuriae
895 1481 1055 1556 modum
1079 1482 1234 1572 fenerat,
1258 1507 1306 1556 ans
1328 1481 1499 1556 alienum
1512 1481 1656 1584 grande
1668 1507 1762 1554 con-

363 1605 561 1690 flaverant,
587 1625 657 1704 per
676 1629 736 1678 eas
756 1631 795 1680 se
816 1603 982 1681 Catilina
1005 1605 1181 1679 credebat
1202 1631 1307 1708 posse
1338 1604 1487 1680 servitia
1516 1606 1665 1678 urbana
1689 1605 1765 1678 sol-

363 1729 527 1820 licitare,
553 1728 689 1802 urbem
704 1727 925 1819 incendere,
950 1728 1049 1804 viros
1065 1755 1197 1802 earum
1214 1727 1274 1803 vel
1295 1728 1501 1830 adiungere
1515 1728 1603 1816 sibi,
1628 1727 1688 1803 vel
1703 1729 1763 1801 in-

317 1851 541 1941 25oerfi0ere.
576 1850 648 1928 Sed
669 1851 712 1924 in
728 1848 789 1926 his
809 1867 891 1927 erat
905 1851 1128 1954 Sempronia
1146 1875 1232 1954 quae
1252 1851 1374 1926 multa
1394 1877 1491 1954 saepe
1512 1851 1631 1926 virilis
1645 1851 1764 1926 auda-

364 1977 431 2054 ciae
451 1977 622 2053 facinora
645 1974 892 2050 commiserat.
926 1975 1018 2049 Hoec
1045 1973 1184 2049 mulier
1204 2000 1338 2079 genere
1357 1991 1473 2078 atque
1502 1974 1643 2066 forma,
1667 2000 1764 2079 prae-

364 2117 464 2179 terea
481 2102 563 2176 viro
583 2115 699 2203 atque
722 2096 849 2172 liberis
870 2097 958 2172 satis
984 2098 1180 2173 fortunata
1203 2096 1279 2173 suit
1301 2131 1309 2172 :
1342 2097 1461 2174 literis
1482 2098 1625 2174 Groecis
1646 2115 1761 2201 atque

363 2227 509 2302 Latinis
526 2225 637 2302 docta
654 2256 661 2296 :
685 2220 845 2327 psallere
859 2237 897 2296 et
910 2222 1047 2298 saltare
1067 2223 1291 2327 elegantius,
1316 2250 1434 2324 quam
1449 2248 1594 2298 necesse
1608 2238 1663 2298 eet
1676 2249 1764 2327 pro-

364 2351 443 2428 bae:
468 2350 592 2426 multa
614 2346 711 2438 alia,
729 2371 815 2450 quae
831 2346 1085 2422 instrumenta
1103 2347 1273 2422 luxuriae.
1312 2346 1385 2421 Sed
1400 2347 1434 2422 ei
1452 2348 1595 2422 cariora
1618 2372 1765 2451 temper

445 2552 519 2636 Cap.
535 2553 582 2624 ad.
604 2551 805 2632 dert'grwnsur.
826 2549 924 2611 Guelf.
941 2552 969 2610 5.
991 2549 1108 2611 Galat
1124 2551 1185 2611 Bas.
1204 2573 1229 2611 1.
1243 2552 1271 2623 4.
1291 2551 1447 2632 pernitiam
1465 2573 1517 2612 auo
1532 2554 1574 2613 aie
1587 2554 1682 2612 maior
1698 2571 1764 2633 pars

366 2655 464 2724 Codd.
481 2677 647 2740 poc.sttam.
667 2655 765 2715 Guell‘.
782 2657 845 2716 ι.6.
859 2679 887 2738 7.
899 2657 927 2717 8.
948 2656 1017 2739 Τις.
1037 2655 1107 2714 tur.
1120 2678 1148 2716 1.
1167 2656 1252 2716 Bam.
1266 2678 1293 2717 a.
1314 2657 1403 2717 llcad.
1423 2657 1491 2716 Seu.
1510 2679 1535 2722 ι.
1556 2660 1617 2718 ine.
1638 2659 1722 2718 Rem.
1737 2679 1763 2722 1.

366 2761 451 2823 Fabr.
467 2783 494 2824 a.
521 2773 648 2824 tamtam
662 2769 773 2821 mutuo.
794 2760 880 2820 Febr.
893 2781 919 2820 ι.
941 2761 1003 2820 Bas.
1021 2781 1048 2820 ι.
1060 2760 1088 2820 3.
1105 2761 1133 2831 4.
1162 2762 1258 2823 Strnv.
1280 2762 1346 2823 Ere.
1367 2761 1419 2822 Ac.
1439 2763 1499 2822 inc.
1527 2761 1624 2822 Guell.
1642 2786 1671 2845 7.
1688 2765 1717 2823 8.
1734 2784 1764 2842 9.

371 2889 416 2928 ιι.
433 2889 478 2929 ta.
498 2868 579 2928 Leid.
590 2890 616 2932 a.
627 2866 657 2926 d.
668 2888 695 2926 e.
706 2864 737 2926 h.
751 2868 779 2926 t.
793 2889 834 2925 m.
854 2866 924 2924 Tur.
943 2887 969 2924 ι.
990 2865 1075 2924 Bern.
1088 2887 1114 2923 ι.
1132 2887 1158 2930 a.
1169 2865 1236 2943 suit
1249 2887 1297 2946 pr.
1322 2866 1384 2926 Bas.
1396 2867 1425 2926 3.
1438 2867 1466 2937 d.
1478 2867 1630 2944 saofiu't.
1658 2867 1720 2927 Bas.
1738 2891 1765 2928 a.

356 2972 573 3052 fititsaeiundt'
589 2972 657 3032 belli
673 2970 758 3031 Bern.
778 2993 806 3032 ι.
827 2969 1000 3030 ιιάιοίνίιιθι
1020 2969 1076 3028 siai
1087 2971 1167 3029 abest
1182 2971 1253 3052 lleg.
1277 2971 1335 3029 Erl.
1357 2971 1441 3030 Fabr.
1459 2992 1485 3031 a.
1507 2971 1604 3032 Guell.
1618 2972 1647 3032 3.
1670 2995 1710 3032 m.
1720 2995 1766 3054 pr.

365 3085 465 3142 lorum
478 3089 552 3139 mut.
564 3071 699 3158 GuelllJ.
719 3075 868 3135 Manlium
884 3075 924 3133 ita
939 3076 1072 3133 melioret
1085 3074 1153 3134 libri
1169 3077 1255 3135 eeteri
1264 3086 1315 3134 aut
1327 3075 1437 3136 Mallus
1444 3087 1494 3135 aut
1504 3077 1624 3136 Mallias
1640 3078 1672 3137 id
1686 3079 1766 3159 quod

365 3187 452 3247 etiam
464 3185 521 3244 Dio
536 3183 672 3264 expressit
682 3178 748 3239 Lib.
760 3179 810 3262 37.
824 3179 873 3240 3ο.
893 3198 922 3238 se
940 3179 1085 3238 credebat.
1106 3179 1167 3237 Bas.
1178 3179 1207 3249 4.
1234 3179 1292 3238 Erl.
1312 3181 1396 3240 Bern.
1418 3203 1443 3239 ι.
1471 3200 1501 3239 se
1514 3182 1600 3240 deest.
1620 3183 1718 3243 Guell.
1735 3186 1763 3254 ἆ.

366 3291 502 3370 ingentia
529 3289 625 3349 Guell.
638 3287 666 3346 5.
696 3285 758 3367 ing.
773 3293 808 3346 rt.
828 3305 890 3346 cor.
907 3292 995 3347 sumt.
1023 3280 1047 3340 F
1047 3282 1108 3343 aba.
1125 3303 1149 3343 ι.
1181 3284 1249 3342 Sea.
1272 3306 1298 3344 2.
1327 3286 1395 3367 Τις.
1424 3285 1480 3344 att
1499 3287 1622 3365 adiung.
1656 3287 1719 3347 Bas.
1735 3289 1764 3347 3.

367 3393 483 3456 Leide-

432 3520 505 3602 Cap.
519 3523 565 3582 25.
583 3529 734 3601 preterea.
748 3518 803 3599 Ap.
818 3517 900 3578 Cort.
915 3516 1065 3576 ominum.
1085 3516 1150 3579 viro
1164 3516 1279 3580 ttbaiu
1299 3522 1339 3581 ita
1362 3521 1475 3581 Manat.
1492 3521 1769 3584 auotoritatel'ron·

370 3628 464 3698 tonis,
484 3627 660 3686 adsentiente
679 3624 819 3698 Grutero,
840 3623 890 3682 sed
911 3629 997 3700 atque
1013 3641 1130 3696 omnes,
1150 3624 1248 3690 credo.
1269 3625 1366 3686 Codd.
1380 3637 1546 3686 commater
1560 3635 1690 3687 tuentur.
1722 3627 1767 3686 De

370 3730 501 3792 Pariainit
518 3730 597 3790 enim
608 3748 670 3788 non
686 3730 786 3810 liquet.
807 3726 909 3786 Editor
919 3727 1000 3784 enim
1016 3723 1047 3785 h.
1062 3729 1083 3786 l.
1105 3737 1207 3806 atquo,
1221 3731 1310 3808 paulo
1323 3729 1463 3808 poatsuit
1483 3731 1599 3804 omitit,
1610 3728 1766 3808 atqtuLo·

369 3835 424 3902 tin.
445 3834 646 3896 excudendum
670 3833 797 3905 curavit,
816 3829 918 3890 sedda
936 3827 1033 3888 coda.
1051 3831 1176 3890 lectione
1195 3829 1271 3888 nihil
1296 3832 1515 3903 animadvertit;
1536 3853 1594 3913 qua
1609 3833 1642 3892 ia
1663 3854 1694 3894 re
1709 3853 1765 3892 aar·

368 3943 435 4024 pius
448 3939 587 4020 peccavit.
606 3936 674 4014 snit
685 3935 753 3995 Sea.
773 3955 801 3994 a.
816 3941 890 3999 erat.
911 3935 997 3994 illud.
1020 3936 1107 3995 ceteri
1127 3933 1228 3994 'Codd.
1245 3945 1373 3997 tuentur.
1400 3945 1485 4014 atque
1504 3935 1634 4012 Βαιίιιίι,
1653 3937 1720 4002 Seu.
1739 3959 1765 3996 ι.

367 4048 430 4113 Βιι.
446 4065 475 4108 a.
501 4046 561 4104 inc.
580 4041 666 4103 Fabr‘.
690 4039 760 4103 vin.
776 4059 804 4101 ι.
825 4037 921 4105 Guelf.
938 4059 967 4107 r.
981 4063 1011 4124 7.
1025 4061 1055 4122 9.
1071 4059 1117 4100 aa.
1145 4039 1215 4100 Tur.
1234 4063 1260 4102 ι.
1280 4041 1365 4102 Bem.
1381 4063 1410 4102 a.
1424 4041 1453 4101 3.
1481 4049 1510 4101 ct
1524 4039 1636 4101 Latini·
1663 4059 1768 4103 ornnes

367 4151 449 4216 Leia,
468 4150 530 4210 Bae.
543 4171 568 4214 ι.
583 4149 612 4222 4.
632 4148 702 4206 Tar.
719 4166 747 4205 a.
767 4144 852 4204 Bern.
873 4165 898 4204 ι.
924 4155 954 4206 et
968 4146 1218 4227 pandereaoltare.
1239 4147 1320 4211 [eid.
1339 4169 1370 4211 n.
1396 4147 1504 4207 saltora
1519 4155 1605 4225 rtqaw
1623 4155 1761 4216 tantm,

368 4255 428 4320 Erl.
444 4255 569 4341 psaltere
587 4262 615 4314 et
624 4251 764 4335 paattaro.
784 4248 882 4317 Guelf.
894 4269 922 4318 ι.
942 4250 1010 4316 sen.
1024 4271 1050 4312 1.
1065 4251 1205 4331 psatlero,
1216 4251 1325 4313 saltare
1330 4269 1475 4326 ,canem
1486 4259 1617 4313 eantare.
1638 4250 1722 4316 Bem.
1735 4271 1763 4310 a.
