3850 4867
380 311 430 410 98

379 487 511 565 eadem
525 485 608 566 haec
630 487 876 570 simulantem
899 491 1075 570 videam
1098 505 1138 570 et
1155 490 1366 596 aliquando
1388 503 1457 566 aut
1473 484 1578 593 apud
1603 503 1689 574 vos,
1712 489 1782 556 sut

379 612 485 719 apud
505 615 604 690 Deos
628 613 853 690 immortalis
873 641 1003 694 rerum
1029 616 1290 693 humanarum
1308 643 1400 692 cura
1419 613 1592 691 oriatur:
1617 633 1677 684 nae
1697 603 1781 691 ille,

379 738 448 842 qui
467 765 573 814 nunc
591 737 793 814 sceleribus
814 739 891 815 suis
910 741 1015 818 ferox
1038 757 1153 846 atque
1170 741 1374 845 praeclarus
1388 755 1459 830 est,
1480 736 1659 814 omnibus
1670 728 1781 807 malis

379 862 629 953 excruciatus,
651 862 855 966 impietatis
869 863 910 938 in
923 881 1121 970 parentem
1136 880 1329 956 nostrum,
1347 863 1473 939 fratris
1494 861 1569 937 mei
1589 858 1691 936 necis
1704 878 1784 930 me-
1909 884 1910 887 ¹

378 1012 565 1090 arumque
586 985 824 1064 miseriarum
841 989 962 1094 gravis
976 1016 1109 1094 poenas
1129 989 1273 1065 reddat
1306 992 1387 1064 Iam
1403 989 1481 1063 iam
1493 985 1622 1072 frater,
1650 981 1781 1058 animo

378 1137 461 1186 meo
489 1110 969 1216 carissume‚·quamquam
994 1114 1064 1190 tibi
1087 1115 1310 1205 immature,
1336 1130 1376 1190 et
1394 1111 1499 1188 unde
1523 1111 1696 1185 minume
1718 1101 1783 1178 de-

325 1217 327 1223 ¹
379 1235 474 1326 cuit,
499 1235 574 1310 vita
608 1252 736 1342 exepta
771 1253 847 1312 est:
864 1253 1011 1314 ¹tamen
1037 1238 1248 1315 laetandum
1272 1237 1400 1342 magis¹
1421 1263 1540 1340 quam
1571 1228 1785 1319 dolendum
1909 1270 1910 1273 π

340 1455 343 1463 λ
379 1375 474 1464 puto
494 1385 624 1434 casum
646 1377 777 1454 tuum;
804 1387 885 1437 non
907 1363 1014 1439 enim
1034 1390 1214 1468 regnum,
1237 1362 1302 1438 sed
1326 1362 1476 1468 fugam,
1495 1357 1687 1448 exsilium,
1700 1380 1784 1460 ege
1909 1428 1910 1433 ,

379 1499 513 1558 statem
530 1501 568 1559 et
587 1483 709 1560 omnis
726 1482 815 1574 hes,
842 1512 928 1588 quae
947 1512 1008 1562 me
1028 1503 1232 1591 premunt,
1258 1511 1447 1562 oerumnas
1473 1511 1564 1559 cum
1587 1482 1716 1559 anima
1732 1480 1785 1553 si·
1909 1518 1910 1533 ι

381 1606 462 1681 mul
478 1606 642 1683 amisisti.
677 1609 727 1682 At
749 1635 816 1714 ego
838 1609 992 1702 infelix,
1028 1611 1071 1686 in
1099 1627 1206 1686 tante
1230 1607 1331 1684 mala
1360 1609 1619 1714 praecipitatus
1644 1633 1690 1681 ex
1715 1632 1786 1708 pa-

381 1731 454 1806 trio
488 1759 626 1838 regno,
657 1759 786 1808 rerum
820 1732 1081 1808 humanarum
1116 1733 1377 1838 spectaculum
1405 1736 1556 1835 praebeo
1583 1730 1787 1806 :incertus

381 1855 476 1960 quid
498 1883 622 1962 agam,
649 1873 782 1932 tuasne
807 1854 967 1933 iniurias
991 1883 1212 1963 persequar,
1237 1859 1314 1962 ipse
1337 1857 1472 1932 auxilii
1500 1882 1627 1962 egens3
1650 1883 1702 1930 an
1726 1881 1788 1928 re-
1823 1858 1827 1867 '

380 2007 455 2084 gno
469 1980 683 2071 consulam,
708 1981 817 2056 cuius
834 1981 919 2058 vilae
936 1981 1113 2084 necisque
1133 1997 1293 2086 potestas
1314 2008 1359 2057 ex
1380 1981 1516 2085 opibus
1537 1979 1671 2055 alienis
1690 2005 1789 2084 pen-
1909 2056 1910 2065 χ

382 2104 454 2180 ἀει
492 2106 651 2180 Utinam
674 2105 792 2181 emori
819 2105 984 2181 fortunis
1014 2106 1106 2180 meis
1134 2103 1313 2181 honestus
1339 2107 1459 2182 exitus
1486 2107 1597 2180 esset!
1624 2130 1702 2178 neu
1723 2103 1783 2177 vi·
1909 2194 1910 2209 χ

381 2256 466 2306 vere
492 2246 732 2334 contemptus
760 2230 924 2322 viderer,
949 2230 980 2306 si
1015 2228 1176 2306 defessus
1208 2229 1318 2304 malis
1344 2229 1496 2304 iniuriae
1517 2229 1789 2312 concessissem,
1909 2226 1910 2321 Ῑ

381 2355 494 2430 Νιιιιι·
509 2381 628 2458 neque
649 2355 773 2430 vivere
803 2355 930 2447 lubet,
955 2381 1082 2458 neque
1099 2353 1197 2430 mori
1219 2354 1308 2430 licet
1326 2355 1410 2430 sine
1433 2353 1622 2430 dedecore.
1659 2355 1790 2427 Patres

382 2480 608 2582 conscripti,
624 2505 693 2583 per
711 2503 791 2568 vos,
813 2505 882 2582 per
906 2479 1067 2569 liberos,
1085 2495 1200 2582 atque
1217 2495 1392 2583 parentes
1409 2493 1565 2567 vestros,
1584 2502 1654 2580 per
1670 2475 1790 2550 maic-

317 2625 325 2634 ’
382 2617 516 2677 statem
544 2603 679 2706 populi
708 2602 870 2677 Romani
900 2603 1098 2694 subvenite
1130 2602 1266 2676 misero
1295 2601 1413 2676 mihi:
1436 2601 1487 2676 ite
1513 2600 1664 2676 obviam
1686 2598 1794 2674 iniu-

385 2726 468 2816 rise,
498 2726 617 2802 nolite
632 2727 735 2831 pati,
761 2753 922 2832 regnum
938 2727 1147 2817 Numidiae,
1164 2727 1269 2830 quod
1289 2743 1455 2802 vestrum
1476 2740 1552 2817 est,
1573 2752 1642 2829 per
1665 2724 1790 2800 scelus

384 2865 422 2922 et
449 2851 672 2954 sanguinem
689 2851 843 2925 familiae
865 2867 1001 2928 nostrae
1026 2851 1219 2926 tabescere.
1233 2855 1248 2886 ”

384 3049 447 3109 hee
460 3049 563 3110 eadem
581 3048 667 3109 Bern.
685 3070 710 3112 1.
723 3048 752 3111 ὅ.
773 3059 823 3110 am
834 3051 903 3110 deos
916 3048 1091 3111 immortales
1109 3049 1178 3116 Tur.
1198 3049 1283 3110 Bere.
1299 3055 1327 3113 3.
1347 3059 1379 3110 ιιι
1393 3048 1442 3112 ills
1454 3049 1505 3129 qui
1518 3068 1600 3110 nunc
1613 3051 1729 3110 reddat.
1750 3069 1791 3109 ne

382 3155 449 3215 Nez.
472 3155 589 3218 Parim.
604 3153 689 3214 Bern.
702 3154 731 3225 ἆ.
753 3164 785 3214 ut
803 3173 840 3214 ne
855 3153 903 3214 ille
922 3154 990 3214 Seu.
1003 3175 1031 3215 s.
1052 3155 1152 3220 fleus.
1171 3165 1284 3218 utetur
1303 3155 1400 3217 Guelf.
1412 3157 1440 3216 6.
1462 3165 1496 3216 et
1513 3155 1735 3216 illeomnessers
1747 3158 1791 3215 li-

280 3305 282 3312 s
296 3296 299 3302 .
382 3260 610 3340 brisratrisque
623 3259 681 3319 mei
698 3258 766 3342 Teg.
779 3260 848 3320 Tur.
870 3260 902 3318 in
914 3270 1066 3340 parentem
1073 3301 1084 3334 ‚
1091 3260 1204 3337 fratres
1215 3261 1308 3332 ηεεὶι,
1325 3281 1457 3321 mearum
1467 3259 1651 3322 menbrum
1663 3260 1748 3320 Bern.
1762 3283 1789 3326 ι.

383 3365 443 3425 iam
455 3366 536 3441 seat.
562 3365 670 3444 (altero
687 3362 747 3424 iem
760 3365 885 3443 omisso)
906 3364 1018 3426 Fabric.
1039 3365 1135 3426 Stmv.
1161 3365 1257 3425 Guelf.
1271 3367 1298 3425 5.
1328 3365 1486 3427 immature
1514 3366 1568 3444 ιιΊιί
1584 3366 1678 3432 Stmv.
1699 3387 1790 3447 pron.

384 3489 444 3528 om.
461 3470 541 3528 Vrat.
558 3491 585 3530 2.
606 3480 634 3529 et
650 3471 738 3530 unde.
753 3478 781 3528 ct
799 3488 860 3529 cm.
871 3470 952 3530 Leid.
969 3491 994 3530 e.
1017 3491 1078 3538 non
1091 3469 1170 3530 enim
1185 3491 1318 3550 regmen.
1337 3473 1426 3532 modo
1442 3471 1559 3553 addunt
1575 3471 1644 3533 vin.
1658 3493 1685 3532 ι.
1706 3471 1789 3533 Vnt.

387 3594 413 3638 ι.
436 3593 558 3654 regnum
574 3583 656 3634 ιιαιιη
674 3575 737 3634 Bas.
754 3595 778 3635 1.
798 3575 892 3636 solem
912 3575 1034 3636 Fabm.
1057 3576 1153 3637 Guelf.
1170 3577 1198 3636 5.
1222 3577 1381 3638 insomnis
1400 3576 1469 3638 Tur.
1491 3577 1576 3637 Bem.
1593 3598 1618 3637 1.
1639 3597 1703 3657 que
1714 3597 1789 3659 pro-

385 3688 469 3738 munt
487 3679 572 3739 Bem.
589 3680 618 3751 4.
643 3688 816 3759 egestatem,
837 3680 933 3740 omnis
959 3679 1021 3739 Bas.
1035 3681 1063 3752 4.
1094 3699 1132 3740 ne
1149 3681 1244 3742 viem
1263 3685 1362 3764 vulgo.
1392 3703 1449 3743 neu
1469 3681 1566 3742 Guelf.
1581 3683 1611 3754 4.
1639 3681 1788 3744 Commel.

287 3812 295 3824 ·
385 3785 494 3844 nsiure
513 3787 610 3866 plures
619 3785 731 3844 Wassii.
749 3778 883 3846 honestes
895 3793 963 3844 esset
983 3783 1077 3850 exitus
1095 3784 1164 3845 Tur.
1185 3784 1260 3845 Bern
1272 3807 1297 3845 1.
1318 3786 1528 3847 concessissem.
1540 3787 1641 3868 Neque
1660 3787 1745 3853 Bem.
1762 3809 1789 3848 1.

381 3907 435 3967 per
448 3910 507 3962 eos,
520 3910 573 3969 per
590 3889 692 3950 liberos
704 3898 790 3967 atque
805 3897 940 3969 parentes
956 3900 1065 3950 vestros
1078 3887 1139 3950 haec
1153 3892 1287 3951 omnium
1302 3893 1361 3952 sere
1374 3892 1471 3952 codd.
1485 3895 1583 3959 lectio.
1607 3914 1661 3974 per
1675 3904 1788 3956 vestros

385 3993 487 4054 liberos
502 4005 588 4070 alque
599 4004 734 4075 parentes
744 4004 848 4056 vestros
865 3995 959 4055 Serus.
981 3995 1106 4056 obtestor
1124 3995 1280 4056 intrudunt
1300 3997 1402 4057 incest.
1421 4017 1447 4056 2.
1469 3998 1566 4060 Guels.
1582 4019 1628 4059 ιι.
1658 3999 1743 4060 Rem.
1762 4021 1788 4059 ι.

384 4119 438 4159 cro
455 4097 569 4158 addunt
589 4099 693 4161 Franc-
712 4099 791 4160 Vrst.
804 4099 832 4160 3.
851 4119 904 4178 per
919 4121 971 4160 vos
988 4100 1092 4160 liberos
1108 4101 1210 4165 insert.
1226 4123 1251 4160 1.
1278 4122 1333 4182 per
1344 4123 1396 4163 vos
1410 4102 1514 4163 liberos
1528 4114 1615 4183 nsque
1626 4126 1693 4185 par.
1714 4103 1785 4170 Eec.
1840 4094 1846 4106 ’

385 4225 453 4265 cum
468 4203 581 4266 duobus
593 4207 656 4266 eliis
675 4204 755 4266 Coss.
778 4203 854 4266 melu·
868 4205 974 4268 misero
1001 4206 1063 4266 Bas.
1079 4227 1104 4266 ι.
1118 4205 1148 4277 4.
1168 4205 1253 4272 Bern.
1269 4211 1297 4272 3·
1318 4218 1346 4269 et
1357 4229 1411 4289 per
1424 4210 1599 4290 sanguinem
1617 4211 1702 4272 Bern.
1718 4210 1747 4271 5.
