3850 4867
1491 318 1673 452 s,

130 509 201 598 rit,
230 510 413 586 nominat
432 508 565 600 socios,
598 525 778 615 preterea
806 503 947 584 multos
969 507 1153 611 cuiusque
1179 504 1324 612 generis
1345 501 1541 594 innoxios3

130 660 215 735 quo
246 634 379 739 legatis
416 636 566 710 animus
598 633 762 738 amplior
788 649 904 709 esset:
929 632 1067 708 deinde
1088 657 1150 706 eos
1172 630 1363 734 pollicitos
1386 651 1541 732 operam
1642 639 1646 646 '

129 781 248 830 suam
277 757 437 832 domum
459 757 627 834 dimittit.
668 759 739 834 Sed
765 757 983 862 Allobroges
1012 757 1081 831 diu
1111 757 1153 829 in
1179 755 1329 829 incerto
1351 741 1587 840 habuere,l¹

131 879 333 981 quidnam
353 882 502 956 consilii
528 899 718 986 caperent.
750 885 797 956 In
820 882 936 956 altera
955 897 1064 985 parte
1078 895 1161 954 erat
1178 905 1226 953 oes
1246 879 1433 966 alienum,
1463 892 1544 950 stu·

130 1002 249 1078 dium
269 1002 383 1095 belli,
407 1033 544 1110 magna
567 1033 707 1082 merces
727 1005 769 1080 in
791 1031 857 1110 spe
882 1004 1071 1081 victoriae:
1104 1020 1146 1078 st
1172 1003 1216 1077 in
1233 1003 1356 1077 altera
1384 1000 1544 1075 maiores

131 1152 248 1230 opes,
276 1145 360 1204 tuta
384 1129 557 1220 consilia,
581 1155 651 1232 pro
671 1131 814 1204 incerta
838 1154 924 1233 spe,
942 1144 1043 1203 certa
1059 1127 1223 1231 praemia.
1259 1128 1350 1202 Haec
1370 1125 1445 1200 illis
1463 1124 1543 1198 vol-

132 1251 335 1341 ventibus,
360 1253 516 1328 tandem
538 1253 630 1329 vicit
652 1254 807 1328 fortuna
829 1251 1057 1356 reipublicae.
1090 1254 1233 1352 Itaque
1252 1249 1297 1346 Q.
1317 1248 1435 1325 Fabio
1449 1249 1543 1323 San-

135 1398 215 1476 gae,
254 1375 365 1450 cuius
390 1377 604 1480 patrocinio
634 1377 763 1452 civitas
788 1376 1003 1480 plurimum
1031 1375 1230 1465 utebatur,
1265 1401 1346 1449 rem
1369 1400 1544 1463 onmem,

135 1496 198 1569 uti
221 1515 499 1601 cognoverant,
525 1501 712 1603 aperiunt
754 1501 902 1589 Cicero,
927 1525 998 1603 per
1010 1501 1172 1604 Sangam
1193 1495 1354 1574 consilio
1373 1498 1544 1602 cognito,

136 1616 274 1722 legatis
296 1624 494 1726 praecepit,
518 1641 564 1698 ut
579 1625 750 1700 studium
775 1623 1049 1698 coniurationis
1078 1623 1322 1698 vehementer
1343 1622 1542 1712 simulent,

138 1757 293 1818 ceteros
310 1746 466 1836 adeant,
487 1747 585 1823 bene
606 1748 880 1851 pollicea·ntur;
893 1746 1062 1849 dantque
1077 1774 1232 1851 operam
1245 1747 1321 1839 ,uti
1345 1773 1406 1822 eos
1425 1771 1544 1850 quam

141 1891 328 1944 maxume
345 1869 560 1945 manifestos
577 1869 753 1946 habeant.
778 1869 900 1944 Isdem
916 1869 994 1944 fere
1008 1873 1240 1976 temporssrus
1252 1871 1294 1947 in
1308 1870 1435 1944 Gallia
1455 1869 1545 1943 cite-
1554 1871 1592 1941 ta

141 1987 247 2066 riore
264 2001 381 2094 atque
399 1993 596 2084 ulteriore,
621 1995 712 2070 item
734 1996 778 2072 in
799 2020 895 2100 agro·
916 1993 1075 2084 Piceno,
1097 1997 1262 2086 Bruttio,
1285 1994 1443 2099 Apulia,
1463 2018 1544 2066 mo·

145 2124 206 2184 tus
233 2130 325 2188 erat
363 2117 536 2220 Namque
555 2118 633 2208 illi,
659 2123 753 2221 quos
778 2139 890 2195 antea
914 2117 1079 2196 Catilina
1099 2120 1307 2208 dimiserat,
1331 2117 1545 2192 inconsulte

76 2311 80 2319 ,
143 2257 189 2308 ac
204 2236 326 2310 veluti
340 2265 409 2341 per
421 2238 653 2315 dementiam
668 2259 807 2318 cuncta
825 2245 943 2318 simul-
956 2245 1142 2349 agebant:
1160 2243 1357 2318 nocturnis
1370 2239 1545 2326 consiliis,

146 2379 346 2435 armorum
370 2378 485 2466 atque
506 2365 670 2440 telorum
685 2367 984 2461 portationibus,
1008 2349 1244 2455 festinando,
1268 2363 1446 2470 agitando
1464 2390 1544 2438 om-

147 2480 233 2570 nia,
258 2483 345 2588 plus
367 2487 528 2578 timoris,
552 2517 671 2591 quam
690 2490 856 2593 periculi·
873 2491 1083 2565 effecerant
1118 2491 1178 2562 En
1202 2517 1251 2563 eo
1269 2513 1545 2564 numerosum-

146 2602 278 2702 plures
301 2610 351 2706 Q
368 2612 543 2687 Metellus
567 2613 674 2688 Celer
696 2618 854 2704 Praetor,
887 2642 932 2690 ex
954 2615 1083 2690 Senati
1109 2615 1308 2706 Consulto,
1331 2635 1460 2688 caussa
1482 2637 1544 2686 co·

151 2819 227 2864 m.
242 2809 459 2887 menoses...
480 2771 1545 2898 wstmisitrsse2..sus..quiu2a01·na.,‚0u0s0s0poamsuam

150 2907 225 2970 dere
243 2914 376 2974 dimittit.
397 2918 528 2978 domum.
549 2919 610 2978 Bas.
624 2925 657 2982 5..
672 2920 769 2980 Guels.
785 2925 813 2987 3.
827 2931 857 2982 et
870 2921 903 2987 6.
920 2924 1089 2982 omiserunt.
1110 2921 1194 2984 Etis.
1205 2919 1291 2980 Paris.

214 3040 288 3122 Cap.
303 3043 352 3114 li.
375 3045 407 3104 iis
423 3046 566 3114 incertum
580 3048 647 3106 lat.
675 3049 759 3114 Rern.
779 3061 871 3130 uterq.
891 3050 978 3110 Febr.
997 3072 1022 3110 r.
1049 3051 1112 3110 Pal.
1121 3055 1149 3112 3.
1170 3048 1254 3108 Beni.
1271 3069 1296 3106 ι.
1325 3048 1379 3108 drit
1400 3048 1544 3108 incertum

152 3143 248 3206 Gaeli.
263 3150 301 3210 3..
314 3161 425 3210 cerum
438 3152 610 3233 premium..
624 3152 721 3213 Guell.
737 3157 765 3213 5.
787 3155 870 3214 Rem.
889 3177 916 3215 s.
935 3156 1006 3215 Tur.
1022 3177 1047 3214 r.
1068 3155 1111 3214 ita
1127 3155 1164 3232 Q.
1178 3152 1248 3212 Fae.
1274 3151 1359 3216 Fabr.
1379 3174 1404 3211 1.
1430 3154 1498 3217 vin.
1517 3175 1550 3218 r,

152 3253 272 3314 ronuta
293 3258 392 3316 locum
411 3267 503 3316 mutat
524 3260 555 3315 in
570 3259 637 3317 Seri.
654 3249 690 3317 η’..
709 3262 808 3324 inca.
829 3261 924 3322 Snus.
946 3261 1033 3325 Heus.
1053 3270 1082 3319 et
1101 3259 1193 3318 tribus
1208 3259 1272 3317 aliis
1282 3255 1385 3316 Curtii.
1408 3259 1547 3337 precepit

153 3369 191 3420 αι’
206 3381 310 3422 ornnes
325 3364 382 3422 lere
397 3361 474 3428 libri.
492 3361 572 3427 Cort.
587 3363 647 3432 fide
662 3365 749 3422 unius
765 3363 840 3422 Cod.
862 3363 959 3424 Gustt.
975 3365 1097 3426 delevit.

216 3488 290 3570 Cup.
308 3491 357 3562 la.
377 3489 510 3550 Bruttio.
524 3478 624 3550 (luisti.
640 3515 663 3550 r.
680 3495 707 3552 5.
728 3493 790 3550 Bas.
808 3515 832 3558 1.
853 3496 912 3552 inc:
932 3495 999 3553 Sen.
1012 3503 1105 3574 uterq.
1126 3491 1195 3552 Vin.
1210 3512 1236 3552 r.
1256 3489 1355 3551 Heuss.
1376 3513 1478 3555 omnes
1487 3495 1545 3556 fere

154 3593 234 3656 leid.
255 3595 377 3656 Brettio.
397 3607 484 3657 vetus
493 3595 589 3655 Codd.
605 3595 710 3656 Ursini.
733 3617 806 3655 naun
825 3595 879 3656 tlt·
908 3599 989 3657 Leid.
1002 3621 1028 3658 a.
1042 3597 1073 3656 b.
1087 3619 1113 3658 c:
1126 3598 1155 3656 d.
1167 3619 1192 3658 e.
1208 3595 1269 3662 th.
1286 3599 1305 3655 i.
1317 3599 1343 3656 l.
1356 3619 1387 3656 n.
1416 3599 1500 3660 Bern.
1520 3623 1546 3662 r.

156 3699 190 3760 ὅ.
204 3701 375 3782 qwspoulo
389 3710 467 3762 ants.
487 3700 562 3760 Vin.
572 3721 605 3760 r..
618 3703 717 3762 inc-1.
738 3701 814 3760 Fab..
826 3713 919 3782 uterq.
931 3703 997 3762 Bas.
1008 3725 1034 3763 2.
1046 3703 1075 3764 ὅ.
1096 3702 1200 3768 Guelf,¹
1211 3725 1239 3762 2.
1260 3727 1300 3766 nr.
1313 3723 1368 3764 sec.
1389 3703 1458 3787 Teg.
1476 3705 1545 3768 Tur.

159 3825 190 3863 r..
203 3807 288 3867 Bern.
304 3827 336 3866 ι.
351 3817 441 3866 antra
458 3803 545 3864 Curi.
566 3805 632 3868 hoc
642 3807 746 3867 ordine
764 3787 895 3865 meliores
911 3806 1022 3878 Cortii,
1042 3827 1143 3866 omnes
1158 3809 1258 3868 nostri.
1282 3806 1370 3868 Catil.
1382 3820 1446 3870 aut.
1467 3811 1548 3873 Gru-

158 3919 207 3972 ter.
227 3912 319 3972 was.
340 3911 461 3972 llorere:
481 3911 561 3969 Ieitl.
582 3911 706 3990 agebam
718 3919 805 3969 exsut
822 3912 851 3967 in
870 3910 1008 3969 omnibus
1023 3912 1081 3970 lere
1098 3923 1215 3993 mser-pt
1235 3933 1272 3972 er
1289 3915 1373 3974 sociis
1391 3935 1481 3976 causa
1495 3939 1548 3979 co*

158 4017 255 4092 gnta..
280 4026 373 4096 uterq.
394 4016 453 4074 inc.
473 4014 557 4074 lium.
576 4035 610 4074 r..
632 4015 688 4074 lle.-
707 4014 809 4078 Guell..
821 4015 849 4084 l.
868 4015 896 4072 6.·
914 4037 942 4095 7.
955 4037 985 4094 9.
1005 4036 1057 4075 rr.
1070 4036 1123 4082 ra..
1141 4037 1179 4077 er
1192 4019 1276 4078 sociis
1294 4016 1440 4086 Catilina.
1462 4021 1547 4083 Rem.

164 4117 518 4186 1,Guclf..3.8..'l’ur.2.
540 4119 669 4178 Pariub.
684 4141 709 4178 ο.
740 4121 891 4178 manifesto
910 4131 1045 4180 notarum
1074 4123 1121 4201 (S.
1136 4123 1304 4202 C.)²errore.
1328 4146 1365 4186 ex
1384 4147 1443 4187 soc.
1461 4127 1547 4187 latin.

161 4235 252 4287 ursit.
264 4224 413 4284 medlo.
427 4223 539 4295 Bous,
551 4241 589 4282 su
601 4231 717 4284 senam
733 4223 875 4288 oonsrtltu.
896 4225 966 4289 Bas..
977 4247 1002 4284 r.
1023 4226 1136 4288 Fabi-ie.
1150 4239 1243 4309 uterq.
1263 4229 1383 4292 Eccard.
1403 4231 1501 4292 Guetfs
1521 4253 1546 4295 ι’.
