3850 4867
1412 310 1566 408 *³9

161 514 209 572 nis
238 514 393 573 infirmum
421 546 442 561 ··
467 514 609 575 libertatis
633 533 718 575 eausa
745 512 885 594 augenda
903 522 993 591 atque
1014 509 1184 590 reipublicae
1205 510 1359 568 inventum
1384 510 1479 569 iuerat
1496 540 1516 556 ·
1536 530 1565 592 7.

162 611 316 689 ingenium
337 613 553 690 impromptam
573 610 681 669 habere
701 640 721 657 ··
742 622 889 669 certamen
908 610 986 686 ipsos
1009 611 1088 668 inter
1106 617 1169 666 erat
1187 638 1206 651 -
1226 626 1259 663 ea
1275 606 1391 664 divitias
1412 616 1441 665 et
1462 626 1496 665 ea
1508 604 1567 665 bo-
1616 602 1622 613 ’

160 725 231 763 nam
253 708 361 765 samam
386 741 406 753 -
426 708 453 765 8.
479 709 530 785 qui
551 728 584 765 ea
609 710 684 765 iacta
701 706 793 765 iecere
812 736 831 750 -
855 727 899 763 rr.
916 706 1154 784 propiusrirtuti
1174 739 1190 750 -
1211 702 1259 773 ll..
1281 704 1418 759 omnium
1433 702 1567 783 flagitio·

159 821 259 859 sorum
284 814 372 882 atque
396 782 629 876 facinorosorum
648 834 668 849 -
689 822 779 859 manu
803 804 1079 881 ventrealeapene
1100 823 1228 881 -quam
1251 801 1391 878 cuiquam
1420 800 1452 857 id
1480 820 1568 858 com-

159 908 277 977 pertum
298 930 314 941 -
340 894 383 957 18'.
404 900 520 957 circiter
535 899 634 957 Nonas
649 898 847 957 Decembris·
869 918 912 975 ¹9·
937 896 1010 954 boni
1031 901 1197 977 complures
1217 930 1236 943 -
1256 899 1288 954 in
1305 897 1457 975 provincia
1477 928 1497 943 -
1516 916 1565 977 ²9·

159 1004 289 1073 spectata
313 998 408 1054 forent
432 992 507 1052 mihi
539 1028 557 1041 -
584 1005 700 1053 nosmet
720 996 799 1071 ipsos
822 993 1010 1079 vendicemus
1035 995 1066 1052 in
1088 995 1252 1053 libertatem
1272 995 1464 1073 -ingenium
1487 1005 1532 1052 est
1549 1024 1568 1041 -

160 1091 280 1150 fortuna
298 1094 401 1150 omnia
415 1093 575 1151 uictoribus
590 1092 709 1171 praemia
727 1092 828 1170 posuit
847 1122 866 1136 -
892 1110 939 1147 me
957 1092 1084 1149 utemini
1103 1123 1122 1137 -
1146 1093 1203 1149 nisi
1222 1092 1295 1149 lorte
1313 1092 1430 1147 animus
1452 1090 1531 1148 fallit
1548 1120 1568 1137 ι·

160 1206 210 1245 rr.
231 1191 310 1247 mala
328 1188 437 1267 quibus
457 1190 676 1247 omniaerant-
691 1189 822 1267 quietam
838 1186 875 1245 tt.
891 1192 922 1247 P.
945 1206 994 1245 22.
1014 1187 1141 1246 adiceret
1160 1220 1178 1233 -
1198 1190 1268 1247 licta
1283 1178 1376 1244 haecss
1398 1185 1445 1245 23.
1468 1187 1568 1265 cepit,

158 1285 268 1357 nrinari
286 1285 435 1343 interdum
458 1288 559 1343 serro-
581 1286 628 1343 26.
650 1305 721 1364 quas
741 1285 857 1341 consuli
880 1285 986 1343 lecerat
1005 1317 1024 1332 -
1054 1304 1101 1363 29.
1116 1286 1228 1343 nullius
1247 1304 1348 1343 earum
1367 1303 1464 1341 rerum
1480 1316 1497 1327 -
1516 1282 1566 1341 do·

158 1402 187 1439 c.
205 1383 343 1441 sextercia
363 1414 383 1429 -
402 1386 534 1441 sestertia
547 1383 673 1442 ducenta
690 1383 772 1439 milia
791 1412 811 1425 -
830 1380 880 1449 34.
891 1380 928 1437 ad
944 1379 1005 1438 lucc
1022 1381 1062 1452 Q.
1079 1382 1205 1439 Marcius
1219 1381 1254 1439 R.
1275 1414 1295 1427 ·
1311 1391 1385 1438 esset
1394 1381 1529 1439 conscius
1547 1410 1567 1426 ··

157 1476 209 1548 45.
230 1479 274 1535 uti
292 1476 518 1537 &tellina-55.
535 1480 682 1558 permittit
698 1478 756 1534 illis
771 1474 907 1533 homines
925 1478 1066 1536 militares
1085 1512 1104 1525 -
1124 1493 1173 1558 47.
1195 1476 1347 1536 abdicatus
1361 1479 1533 1558 magistratu
1550 1511 1566 1525 ·

159 1574 208 1633 50.
229 1576 337 1633 eiectos
352 1586 441 1654 atque
460 1577 628 1633 exercitatos
647 1574 749 1633 orabat
768 1575 801 1631 in
818 1572 998 1639 audaciam·
1021 1575 1068 1631 51.
1089 1576 1155 1632 aliis
1167 1576 1224 1632 alia
1243 1608 1263 1621 -
1284 1575 1331 1635 5⁸.
1346 1595 1389 1633 res
1402 1584 1566 1633 moneten-

156 1690 224 1729 vere
244 1669 281 1727 ab
300 1656 359 1728 iilis
377 1682 431 1729 etc.
454 1672 567 1747 (autem
584 1684 613 1731 et
630 1670 724 1749 magis
740 1692 780 1728 m.
795 1688 851 1729 sec.
871 1669 1005 1745 addidit)
1025 1671 1113 1729 refert
1131 1668 1206 1729 mihi
1221 1671 1404 1751 atquerohis
1425 1673 1527 1731 timere
1547 1703 1566 1718 ·

158 1766 208 1825 58.
227 1766 315 1827 Nunc
332 1788 400 1826 vero
419 1788 489 1848 quo,
503 1771 570 1827 loco
590 1800 608 1813 -
627 1768 650 1825 si
665 1778 755 1825 metu.

237 1886 389 1969 Jugurtlm
408 1909 435 1947 c.
461 1900 508 1961 24.
529 1891 644 1970 subiget
663 1908 711 1948 me
730 1920 749 1935 -
767 1908 893 1969 urguear
912 1919 931 1934 -
950 1886 1173 1947 deortaturme.

259 2066 453 2142 CoaVJJ.
494 2066 671 2164 (Pantini
694 2066 857 2169 Catalog.
883 2068 951 2139 111.
975 2070 1059 2161 407.
1091 2068 1212 2157 §.xxa
1248 2066 1336 2140 Cod.
1362 2093 1429 2139 xor.
1465 2065 1564 2140 Plus

154 2183 215 2276 89.
242 2182 407 2257 Inferior
426 2184 506 2257 cod
528 2184 612 2285 41.)
636 2186 721 2257 saec.
747 2208 818 2256 xrrr.
839 2182 895 2256 vel
919 2208 988 2256 xrv.
1026 2181 1235 2254 Membran
1259 2182 1406 2287 paginis
1436 2181 1562 2257 divisis
1646 2220 1655 2239 ·

154 2296 390 2401 negligenter
410 2316 591 2373 exaratus.
618 2298 768 2373 Scholia
789 2300 830 2372 in
852 2299 1023 2401 margine
1037 2297 1226 2371 recentior
1242 2324 1379 2372 manus
1397 2296 1563 2401 adscrip-

153 2410 224 2508 sit,
249 2440 334 2515 quar
354 2416 468 2489 etiam
485 2414 684 2516 aliquoties
698 2415 842 2487 librum
861 2414 1086 2487 emendavit.
1113 2417 1184 2489 Pro
1207 2442 1234 2486 o
1255 2414 1363 2488 litera
1381 2444 1461 2489 non
1480 2440 1561 2490 uno

154 2526 241 2602 loco
261 2558 300 2605 w
318 2532 515 2633 seriptum.
555 2534 640 2605 Non
669 2528 793 2604 solum
814 2530 962 2633 singula
990 2530 1121 2619 verba,
1147 2530 1211 2605 sed
1238 2531 1386 2633 periodi
1411 2533 1561 2606 omissae.

154 2644 298 2740 Saepius
317 2673 337 2718 a
365 2646 521 2722 librario
543 2648 719 2751 imperito
741 2648 863 2749 spatia
890 2673 1008 2721 vacua
1037 2645 1183 2736 relicta,
1210 2674 1295 2749 quae
1317 2649 1413 2721 alius
1436 2650 1563 2753 exple·

153 2759 219 2835 vit
268 2764 364 2835 Cum
388 2790 535 2853 omues,
563 2766 655 2865 quas
679 2763 825 2851 notavi,
849 2762 1028 2837 lectiones
1058 2762 1108 2835 ad
1137 2780 1331 2836 auctorem
1357 2766 1563 2839 emendan-

154 2874 251 2951 dum
268 2876 368 2951 nibil
391 2878 552 2968 faciant,
577 2880 641 2954 sed
661 2878 926 2952 tantummodo
944 2878 1122 2967 doceant,
1147 2880 1299 2954 nullam
1313 2881 1428 2983 plane
1447 2882 1561 2957 fidem

153 2988 249 3064 huic
270 2991 368 3068 libro
397 3022 471 3070 esse
489 2994 724 3086 habendam,
749 2994 915 3098 pessimis
940 2992 1015 3069 illis
1048 2996 1280 3071 variantibus
1304 2997 1449 3072 librum
1473 3026 1562 3073 one-

154 3132 242 3180 rare
264 3108 383 3183 nolui.

257 3272 345 3346 Cod.
360 3276 472 3349 VIII.
499 3278 630 3368 (Pant.
644 3274 807 3379 Catalog.
817 3279 862 3349 11.
882 3280 965 3369 aaa.
992 3276 1080 3351 Cod.
1098 3305 1201 3352 xxxv.
1227 3280 1261 3371 S.
1273 3278 1319 3353 iv.
1345 3279 1441 3352 Plut.
1455 3303 1558 3353 xevrr.

153 3384 238 3460 cod.
263 3390 394 3487 xxxv.)
429 3392 639 3465 Membran.
665 3393 750 3464 Saec.
767 3419 823 3465 xv.
850 3392 1049 3465 Orationes
1072 3420 1118 3466 cx
1139 3393 1291 3467 Salustii
1310 3392 1476 3468 historiis
1495 3422 1559 3469 cx·
1629 3460 1633 3467 ,

154 3520 312 3606 carptae,
343 3508 489 3579 accedit
518 3508 701 3609 praefatio:
718 3506 808 3579 belli
832 3505 1066 3609 Jragurthini.
1115 3512 1252 3582 Insunt
1267 3526 1448 3612 praeterea
1476 3510 1561 3607 alite

154 3619 344 3695 orationes
369 3618 547 3712 ex'Livi0‚
565 3624 714 3713 Curtio,
739 3624 920 3726 Virgili0‚
944 3627 1118 3712 Lucano,
1144 3625 1281 3699 Ouidio
1302 3643 1372 3709 ete.
1397 3626 1561 3732 descrip-

154 3748 215 3807 tae.
242 3738 336 3815 Tota
362 3738 591 3841 collectioin
617 3765 749 3813 corum
768 3764 879 3811 usum
902 3738 1021 3827 sacta,
1045 3739 1112 3841 qui
1130 3737 1359 3815 rhetoricam
1382 3759 1557 3819 tractant.

156 3848 341 3947 Quam'vis
361 3856 554 3956 exemplar
574 3856 661 3929 satis
682 3856 830 3927 bonum
847 3853 1024 3928 librarius
1046 3871 1194 3929 secutus
1211 3883 1285 3931 esse
1309 3858 1478 3950 videtur,
1503 3878 1558 3935 ta-

154 3990 246 4077 men
265 3966 381 4071 hujus
401 3970 490 4043 iibri
514 3999 563 4045 ne
585 3988 690 4044 tanta
702 3968 857 4072 quidem
879 3971 1043 4060 utilitas,
1069 4000 1185 4074 quam
1206 3972 1380 4077 aliorum,
1394 3976 1461 4076 qui
1479 4003 1558 4049 ma·
1655 3984 1663 3997 ⁶

154 4078 212 4183 gis
237 4085 351 4158 ctiam
377 4088 547 4189 corrupti
563 4105 662 4161 sunt.
695 4088 831 4161 Numa
853 4087 978 4176 libris,
994 4088 1061 4190 qui
1080 4088 1139 4163 uel
1160 4088 1342 4165 mediocri
1360 4090 1555 4195 diligentia

156 4198 257 4301 typis
273 4218 365 4277 sunt
382 4204 523 4293 excusi,
551 4204 591 4277 in
610 4204 719 4279 nialla
740 4232 780 4279 re
799 4204 992 4279 differunt.
