3850 4867
1488 331 1560 409 285

168 514 288 597 lum,
313 512 400 613 quis
428 532 467 591 et
485 544 594 611 meae,
619 536 658 597 et
686 538 814 599 vestrae
842 523 936 613 iam,
961 540 1000 598 et
1026 523 1143 626 ipsius
1173 546 1281 595 aures
1310 518 1444 593 calent
1491 516 1564 587 Ve-

164 650 251 703 rum
281 658 326 708 eo
364 642 481 744 magis
513 643 631 720 odisse
658 645 800 721 dehetis
830 646 1049 737 homiuem,
1086 646 1155 751 qui
1180 671 1230 719 ne
1261 641 1460 744 incipieus·
1479 636 1565 740 qui·

162 748 249 827 (lem
269 782 427 859 peccare
457 765 498 838 in
528 767 695 843 minimis
719 772 829 844 rebus
861 771 990 873 posuit
1015 770 1301 859 rudimentum
1338 763 1402 838 sed
1427 763 1480 835 ita
1505 759 1563 834 iu·

161 901 305 977 limus
332 900 403 973 est,
429 888 487 961 uti
514 916 638 993 neque
666 891 714 966 ab
739 894 814 968 alio
842 894 941 967 vinci
971 894 1112 996 possit,
1146 915 1272 992 neque
1303 889 1381 991 ipse
1414 912 1452 959 se
1483 911 1563 958 om·

160 997 256 1075 nino
277 1003 425 1109 reliqua
450 1028 559 1089 aetate
580 1016 780 1117 praeterire.
816 1019 951 1119 Itaque
970 1015 1070 1089 nihil
1090 1015 1198 1089 aliud
1217 1012 1359 1099 studet,
1386 1008 1478 1097 nisi,
1503 1007 1562 1083 uti
1589 998 1594 1007 ¹

158 1118 378 1232 lutldeiatus
396 1156 457 1205 sus
463 1192 478 1241 3
504 1162 593 1211 cum
619 1139 750 1239 quovis
772 1138 943 1215 volutari.
982 1142 1109 1241 Longe
1132 1164 1220 1213 vero
1241 1135 1391 1209 fallitur
1412 1131 1563 1235 opinio-

158 1272 215 1322 ne.
256 1252 345 1329 Non
366 1258 471 1333 enim
493 1263 722 1362 procacitate
751 1261 892 1365 linguae
917 1262 1004 1335 vitae
1031 1259 1157 1335 sordes
1179 1260 1393 1333 eluuntur:
1418 1253 1483 1328 sed
1508 1268 1563 1328 ost

157 1368 338 1473 quaedain
349 1379 561 1473 calumnia,
582 1412 698 1489 quam
716 1385 1161 1489 unusquisquenostmm
1181 1397 1339 1457 testante
1351 1378 1561 1453 animosuo

156 1493 231 1570 fert
254 1498 306 1575 de
325 1528 384 1592 eo,
408 1505 478 1607 qui
496 1506 635 1581 falsum
656 1508 802 1583 crimen
822 1509 931 1583 bonis
953 1511 1124 1583 obiectat
1166 1504 1282 1601 Quod
1306 1502 1336 1578 si
1357 1500 1433 1575 vita
1455 1499 1561 1573 istius

156 1624 385 1701 memoriam
405 1628 560 1703 vicerit:
586 1629 710 1722 illam,
735 1632 862 1706 Patres
881 1632 1106 1734 conscripti,
1134 1655 1213 1704 non
1231 1655 1277 1702 ex
1293 1627 1481 1714 oratione,
1496 1620 1562 1697 sed

156 1770 202 1819 ex
226 1750 401 1826 moribus
421 1752 497 1827 suis
521 1769 688 1857 spectare
713 1753 864 1829 dehetis.
913 1758 995 1828 Iam
1017 1754 1118 1829 dabo
1142 1779 1316 1856 operam,
1343 1775 1462 1853 quam
1481 1773 1563 1821 ma·

154 1892 272 1944 xume
289 1888 438 1974 potero,
463 1875 565 1950 brevi
588 1892 633 1950 ut
658 1876 804 1952 faciam.
841 1878 972 1979 Neque
991 1874 1073 1952 haee
1095 1876 1290 1951 altercatio
1308 1890 1435 1948 nostra
1455 1869 1561 1945 vohis

157 1990 310 2069 inutilis
329 1996 421 2088 erit,
454 2002 579 2074 Patres
602 2002 815 2104 conscripti.
852 2002 1082 2103 Plerumque
1106 2000 1212 2074 enim
1242 1996 1454 2100 respublica
1481 1992 1561 2098 pri·

155 2119 251 2193 ratis
274 2121 407 2195 crescit
426 2123 636 2199 inimicitiis
644 2156 655 2217 ;
680 2124 748 2197 uhi
767 2150 879 2199 nemo
900 2124 1014 2213 civis,
1037 2122 1161 2226 qualis
1181 2123 1231 2197 sit
1254 2120 1330 2209 vir,
1361 2132 1483 2221 potest
1505 2116 1559 2189 la·

156 2256 244 2317 tere.
290 2244 462 2321 Primum
486 2246 617 2351 igitur,
651 2248 836 2350 quoniam
867 2248 1043 2323 omnium
1062 2247 1222 2321 maiores
1242 2247 1281 2319 (L
1303 2241 1486 2318 Salustius
1504 2236 1619 2313 ad2‘

155 2390 286 2443 unum
304 2371 522 2474 exemplum
540 2388 578 2447 et
598 2373 768 2477 regulam
782 2372 936 2474 quaerit,
953 2370 1067 2463 velim
1078 2368 1177 2445 milri
1190 2366 1429 2472 respondeat,
1444 2387 1559 2437 num·

154 2490 273 2591 quid,
299 2518 395 2595 quos
417 2497 581 2598 protulit
603 2496 795 2599 Scipiones
821 2510 860 2570 et
888 2494 1078 2583 Metellos,
1106 2492 1165 2570 vel
1192 2492 1347 2579 Fabios,
1369 2504 1458 2562 ante
1477 2484 1558 2559 sue-

154 2614 238 2689 rint
267 2632 337 2689 aut
366 2617 557 2720 opinionis
582 2634 651 2692 aut
673 2619 820 2722 gloriae,
847 2644 966 2721 quarn
993 2643 1055 2693 eos
1082 2644 1140 2693 res
1168 2631 1278 2722 gestae
1296 2636 1391 2701 suae,
1414 2626 1453 2685 et
1479 2609 1556 2683 vita

155 2734 479 2815 innocentissume
498 2757 581 2816 acta
601 2742 900 2817 commendarit?
933 2741 1038 2844 quod
1062 2743 1093 2816 si
1111 2739 1186 2815 hoc
1205 2739 1282 2813 suit
1306 2737 1381 2811 illis
1400 2732 1557 2807 initium

156 2861 327 2936 nominis
346 2879 384 2938 et
404 2862 599 2968 dignitatis
611 2860 624 2955 ,’
645 2890 716 2941 cur
737 2893 816 2941 non
836 2890 942 2968 aeque
962 2865 1074 2939 nohis
1093 2862 1360 2937 existumeturl
1386 2858 1497 2933 cuius
1520 2871 1559 2931 et

155 3010 212 3059 res
233 3002 344 3089 gestae
369 2987 531 3062 illustres
550 3005 588 3063 et
604 2988 680 3064 vita
703 2988 957 3099 integerruma
988 3005 1080 3062 acta.
1127 2986 1245 3082 Quasi
1265 3010 1355 3059 vero
1374 2999 1419 3056 tu
1439 2982 1488 3057 sis
1507 2981 1557 3054 ab

156 3106 232 3181 illis
254 3108 358 3199 viris,
383 3109 538 3199 Salusti‚
564 3127 677 3185 ortau.
700 3112 829 3209 *Quod
848 3112 878 3185 si
901 3134 1008 3204 csses3
1037 3110 1246 3186 nonnullos
1272 3108 1350 3181 iam
1378 3122 1459 3179 tnae·
1477 3122 1558 3180 tur-

155 3230 345 3334 pitudinis
367 3233 518 3337 pigeret.
558 3235 637 3338 Ego
656 3236 746 3309 meis
774 3234 982 3310 maioribus
1004 3234 1149 3309 virtute
1175 3261 1259 3308 mea
1281 3230 1460 3337 praeluxi,
1484 3226 1560 3316 uti,
1619 3332 1622 3337 Ι

154 3355 184 3429 si
204 3354 312 3459 prius
332 3356 413 3430 noti
432 3383 510 3431 non
533 3356 692 3446 fuerint,
720 3386 820 3433 ame
843 3359 1035 3461 accipiant
1059 3357 1217 3432 initium
1245 3354 1435 3432 memoriae
1459 3376 1560 3425 suaes

155 3496 199 3555 tu
223 3480 297 3553 tuis
315 3481 420 3569 vitae,
442 3506 558 3581 quam
587 3483 750 3585 turpiter
774 3483 897 3585 egisti,
921 3506 1076 3585 magnas
1099 3480 1266 3556 effudisti
1293 3478 1487 3569 tenebras;
1511 3490 1557 3549 ut

154 3604 289 3695 etiam,
302 3603 333 3677 si
352 3603 497 3679 luerint
515 3604 651 3709 egregii
668 3605 782 3691 cives,
808 3622 908 3680 certe
924 3604 1100 3679 venerint
1124 3604 1165 3678 in
1182 3600 1420 3678 oblivioneut'
1448 3600 1557 3698 Qua·

157 3824 314 3904 alsaciam
337 3844 438 3885 omnes
452 3824 543 3885 Cortii
557 3825 654 3885 Godd.
676 3827 744 3886 item
761 3826 840 3885 Glar.
860 3828 939 3886 Laid.
953 3852 979 3889 c.
1003 3837 1031 3887 et
1047 3827 1257 3904 diocesariam
1270 3824 1332 3884 Bas.
1359 3824 1450 3883 latere
1464 3805 1557 3903 potest

155 3930 286 3991 (lud.-
303 3925 376 4010 Cap.
387 3950 415 3989 a.
438 3926 473 3989 C.
492 3928 632 3990 Salustaeias
651 3929 712 3989 Bas.
729 3931 810 3991 Leid.
821 3952 846 3991 c.
868 3933 915 3991 vel
930 3932 1034 3994 Fabios
1051 3954 1084 3993 ex
1103 3932 1344 3992 Cottianisunus
1362 3929 1442 3992 Gud.
1456 3928 1539 3987 addit
1549 3948 1558 3996 ;

156 4038 225 4095 item
246 4033 363 4095 Leidc.
384 4034 599 4095 commendarit
618 4034 699 4099 Leid.
713 4056 739 4094 c.
760 4038 975 4097 commendavit
989 4040 1085 4097 ceteri.
1106 4039 1145 4097 ds
1164 4036 1254 4096 nobis.
1266 4056 1356 4115 prap.
1373 4056 1433 4092 om.
1454 4052 1556 4091 omnes

160 4140 241 4205 Cort.
259 4138 321 4197 Bas.
342 4138 422 4199 Leid.
434 4162 460 4199 c.
480 4138 689 4197 illustrassent.
708 4146 776 4197 sunt
795 4158 856 4202 orn.
871 4158 973 4200 ornnes
986 4126 1086 4201 Cortii
1094 4140 1171 4205 libri.
1192 4140 1255 4200 Bas.
1277 4140 1341 4200 noti
1359 4139 1554 4214 nonsueruat

160 4244 221 4305 Bas.
246 4243 388 4325 gsnmdis
407 4244 468 4303 Bas.
488 4242 569 4303 Laid.
583 4262 609 4304 c.
637 4242 715 4303 vilae
734 4240 794 4309 llas.
817 4240 895 4303 teia.
908 4266 934 4306 c.
963 4246 1026 4307 vito
1045 4250 1141 4310 ceteri.
1160 4246 1297 4324 conferre
1316 4247 1398 4308 decet
1424 4242 1506 4303 Leid-
1526 4262 1553 4302 c.
