3850 4867
364 233 419 332 ,34

364 416 450 506 bat,
476 431 521 492 ut
539 445 646 524 grege
674 417 793 512 lacto,
814 450 908 498 cum
937 424 1018 500 telis
1038 424 1088 503 ad
1107 448 1183 504 sese
1210 426 1478 532 irrumperent.
1515 429 1682 518 Consul,
1708 427 1776 503 ubi
1868 488 1869 493 ,

360 567 409 618 ea
431 542 559 646 parari
573 547 781 648 cognovit,
806 547 993 652 dispositis
1014 550 1215 652 praesidiis,
1240 567 1285 625 ut
1309 569 1501 654 rerutque
1522 569 1673 657 tempus
1698 579 1776 626 mo-

365 666 503 754 nebat,
528 685 733 744 convocato
751 672 894 747 Senatu
913 673 1047 761 refert,
1067 674 1167 776 ‚quid
1186 673 1234 749 de
1254 673 1315 750 bis
1343 674 1425 750 lieri
1445 675 1612 779 placeat,
1636 675 1710 778 qui
1734 675 1773 750 in

364 790 577 866 custodiam
612 791 741 868 traditi
769 811 887 870 erant.
938 795 1011 870 Sed
1034 821 1096 871 eos
1127 797 1259 901 paullo
1296 813 1385 872 ante
1408 797 1590 900 frequens
1615 799 1775 873 Senatus

365 912 598 990 iudicaverat
621 933 753 992 contra
781 919 1060 1023 rempublicam
1083 920 1220 998 fecisse.
1269 923 1373 995 Tum
1392 921 1440 996 1).
1457 921 1594 995 Iunius
1611 921 1775 1010 Silanus,

361 1037 511 1143 primus
540 1041 767 1116 sententiam
787 1059 958 1148 rogatus,
991 1043 1109 1146 quod·
1121 1071 1166 1120 eo
1187 1061 1358 1148 tempore
1384 1044 1530 1120 Consul
1558 1043 1775 1148 designatus

357 1169 464 1250 erat,
489 1160 537 1238 dc
560 1161 637 1253 bis,
664 1165 731 1268 qui
755 1167 796 1240 in
818 1166 997 1242 ctutcdiis
1023 1167 1273 1257 tenebantur,
1300 1185 1479 1272 praeterea
1498 1167 1547 1242 de
1568 1170 1606 1241 1.
1630 1169 1774 1254 Cassio,

362 1289 401 1362 P.
428 1285 564 1376 Furio,
599 1292 635 1363 P.
659 1290 870 1378 Umbreno,
897 1291 942 1388 Q.
960 1290 1109 1380 Annio,
1146 1288 1427 1395 sideprehensi
1456 1290 1602 1381 forent,
1626 1291 1774 1395 suppli·

358 1410 469 1486 -cium
487 1412 720 1486 'sumendum
746 1411 981 1507 decreverat3
1013 1413 1121 1516 isque
1147 1427 1298 1517 postea,
1316 1429 1510 1516 permotus
1533 1413 1712 1489 oratione
1734 1415 1772 1488 C.
1869 1442 1870 1445 ¹

361 1534 534 1623 Gesseris,
567 1535 727 1639 pedibus
753 1537 793 1609 in
822 1537 1050 1610 sententiam
1073 1535 1156 1611 Tib.
1177 1535 1337 1610 Neronis
1366 1535 1514 1610 iturum
1539 1561 1579 1612 se
1604 1537 1774 1627 dixerat3

357 1657 468 1760 quod
489 1656 537 1734 de
559 1684 602 1733 ea
622 1685 678 1748 re,
704 1659 886 1762 praesidiis
910 1659 1066 1749 additis,
1089 1658 1342 1734 referundum
1352 1675 1560 1734 censuerat.
1598 1659 1672 1734 sed
1695 1663 1772 1736 Cae·

362 1805 442 1870 sar,
467 1781 536 1856 ubi
554 1782 607 1857 ad
629 1809 718 1858 cum
746 1800 904 1858 ventum
926 1799 1001 1874 est,
1025 1799 1176 1888 rogabis
1199 1783 1429 1859 seutentiam
1450 1809 1471 1857 a
1490 1783 1673 1872 Consule,
1701 1782 1772 1858 bu·

363 1905 570 1982 iuscemodi
586 1908 698 1981 verba
724 1907 872 1982 locutus
894 1924 955 1981 est.

314 2046 348 2108 51
369 2080 373 2088 ,
430 2031 595 2120 „Omnis
615 2027 804 2119 homines,
831 2033 955 2104 Patres
978 2029 1202 2132 conscripti,
1228 2029 1297 2132 qui
1323 2027 1371 2103 de
1393 2029 1505 2103 rebus
1527 2027 1656 2104 dubiis
1679 2055 1771 2104 con·

360 2153 525 2243 cultant,
549 2154 600 2227 ab
622 2153 728 2241 odio,
753 2153 938 2243 amicitia,
964 2153 1020 2226 ira
1044 2169 1159 2255 atque
1180 2145 1439 2228 misericordia
1459 2177 1596 2226 vacuos
1617 2152 1770 2228 essede-

360 2297 428 2356 cet.
465 2279 580 2354 Haud
604 2276 715 2353 facile
734 2279 883 2352 animus
904 2304 1036 2352 verum
1057 2276 1248 2379 providet,
1273 2275 1342 2350 ubi
1367 2275 1434 2348 illa
1455 2273 1667 2368 elsliciunt3
1706 2303 1770 2352 ue·

361 2429 439 2504 quc
459 2403 662 2505 quisquam
683 2401 860 2476 omnium
882 2399 1050 2474 lubidini
1074 2397 1188 2474 simul
1210 2415 1248 2474 et
1269 2399 1355 2474 usui
1373 2399 1512 2501 paruit.
1552 2399 1626 2473 Ubi
1645 2401 1769 2474 inten-
1870 2434 1871 2507 ι

363 2525 462 2600 deris
486 2525 701 2631 ingenium,
729 2524 849 2599 valet:
872 2523 902 2598 si
927 2522 1062 2597 lubido
1084 2521 1266 2626 possidet,
1290 2549 1332 2596 ea
1348 2521 1590 2610 dominatur,
1617 2525 1768 2599 animus
1870 2556 1871 2579 ³

365 2727 391 2766 ι.
413 2705 496 2764 llcm.
520 2727 544 2764 1.
567 2705 664 2764 llenss.
687 2705 735 2770 ilc.
757 2705 823 2764 sen.
839 2725 864 2763 a.
886 2702 982 2762 Guell.
999 2701 1064 2762 ι.5.
1080 2702 1108 2761 5.
1121 2702 1150 2761 6.
1165 2723 1194 2782 9.
1211 2708 1255 2760 ιἰ.
1271 2721 1316 2766 12.
1347 2711 1375 2761 et
1391 2703 1533 2761 omittunt
1561 2702 1629 2767 vin.
1647 2724 1675 2763 π.
1702 2703 1768 2763 Ere.

361 2809 459 2870 Guell.
471 2811 499 2869 6.
514 2809 542 2880 Δ.
561 2829 606 2868 ιο.
627 2809 695 2868 Tur.
712 2830 738 2868 2.
760 2807 932 2868 exercitatos
953 2827 1014 2872 om.
1036 2809 1138 2866 incest.
1157 2826 1185 2865 a.
1219 2805 1322 2866 clectos
1339 2813 1443 2864 elom.
1460 2807 1556 2865 Sonat.
1579 2829 1603 2866 ι.
1625 2807 1723 2870 Gnell'.
1742 2831 1766 2868 ι.

360 2916 534 2977 exercitatos
550 2914 653 2974 orabat
678 2913 708 2971 in
734 2913 902 2973 audaciam.
924 2910 975 2972 bic
996 2910 1150 2970 verborum
1171 2909 1246 2969 ordo
1266 2911 1297 2970 in
1315 2909 1452 2969 omnibus
1470 2911 1527 2970 lcrc
1548 2911 1637 2971 libris.
1667 2915 1698 2972 in
1713 2935 1767 2972 au·

360 3025 428 3083 clue.
450 3021 534 3082 orob.
557 3019 678 3082 Posiae.
708 3018 788 3078 orob.
803 3037 945 3077 sesamam
970 3035 1024 3095 per
1040 3017 1148 3078 arulae.
1178 3013 1283 3078 Raso.
1315 3024 1347 3074 ut
1362 3017 1493 3095 greges.
1522 3024 1553 3073 ut
1574 3015 1651 3075 abest
1669 3018 1766 3076 Gnrll.

363 3147 410 3202 aa.
436 3128 536 3187 Vinar.
552 3145 578 3184 ι.
607 3125 678 3202 quid
696 3124 733 3181 tle
749 3123 793 3182 ils.
824 3123 862 3180 ita
877 3121 997 3181 llorere.
1019 3121 1194 3180 confirmare
1210 3119 1348 3180 ridentur
1372 3139 1474 3180 omues
1491 3121 1571 3180 leid.
1603 3121 1649 3181 liis
1667 3143 1767 3181 ornnes

360 3233 466 3294 Cottii.
488 3232 520 3291 in
536 3228 673 3290 custodiis
688 3230 766 3286 trad.
788 3225 849 3286 Bas.
864 3231 891 3288 3.
914 3228 972 3285 ine.
988 3245 1014 3288 a.
1035 3225 1133 3288 Gucll.
1151 3247 1178 3303 7.
1194 3225 1223 3288 8.
1245 3246 1279 3285 ιο
1298 3245 1343 3285 ιι.
1366 3224 1447 3284 Lcid.
1466 3227 1496 3282 d.
1513 3247 1538 3284 c.
1555 3224 1585 3289 h.
1608 3225 1666 3286 Pol.
1680 3229 1708 3298 4.
1723 3249 1764 3286 ιι.

362 3337 446 3397 bern.
464 3357 490 3396 2.
514 3337 546 3394 in
564 3333 706 3394 cttstccliu.
726 3333 810 3392 Rem.
828 3353 853 3390 ι.
875 3331 973 3390 Guell.
985 3333 1015 3401 d.
1027 3331 1055 3389 6.
1070 3351 1100 3411 9.
1130 3327 1259 3389 Sillanus
1283 3330 1406 3411 plurimi
1423 3327 1519 3387 Codd.
1549 3328 1668 3391 Silanos
1686 3333 1766 3392 crr-

360 3443 388 3501 oi
408 3435 562 3520 scriptores
582 3447 611 3497 et
629 3437 751 3517 Lapides
776 3435 947 3516 Capitolini.
969 3435 1001 3494 ἰιι
1020 3434 1151 3494 custodias
1172 3433 1263 3494 ureb.
1284 3434 1351 3497 vin.
1371 3454 1395 3493 ι.
1417 3435 1475 3493 inc.
1495 3455 1519 3495 ι.
1541 3434 1654 3496 Fabrir.
1673 3446 1763 3517 uterq.

362 3543 458 3608 Guell.
477 3567 506 3624 9.
524 3565 569 3604 ιο.
587 3565 630 3602 ιι.
651 3563 694 3602 12.
716 3542 783 3620 Τις.
806 3541 997 3598 trahebantur.
1019 3537 1080 3602 Bos.
1101 3559 1127 3597 a.
1148 3548 1176 3596 ct
1202 3547 1353 3617 praterea.
1368 3549 1395 3596 et
1408 3541 1564 3599 omittunt.
1579 3537 1640 3604 Pras.
1652 3546 1679 3602 3.
1708 3545 1761 3600 inc.

365 3673 390 3711 ι.
412 3651 463 3728 qui
476 3651 513 3709 de
526 3669 561 3708 ca
588 3667 627 3718 rc.
650 3650 707 3705 luc.
725 3667 749 3704 1.
770 3645 926 3703 Fabrici.
948 3663 1070 3702 amana
1087 3640 1292 3700 emendatrice.
1315 3641 1399 3700 Rern.
1423 3665 1447 3702 1.
1465 3665 1551 3723 prus.
1572 3645 1687 3705 abditis.
1709 3648 1763 3705 ior.

364 3777 391 3816 ι.
403 3756 507 3818 'Strun
531 3755 628 3813 Heuss.
650 3754 716 3814 Seu.
738 3771 762 3808 ι.
783 3750 950 3810 vetustiores
968 3746 1045 3806 llivii
1062 3755 1091 3804 et
1111 3764 1213 3803 omnes
1232 3745 1289 3804 lere
1303 3745 1434 3807 Palatini.
1454 3747 1537 3806 Fabr.
1553 3769 1577 3812 ι.
1603 3748 1665 3808 Bas.
1680 3753 1715 3809 “ι.
1736 3749 1761 3820 5,

346 3855 429 3922 'vm
448 3881 474 3920 2.
495 3861 562 3920 Ere.
583 3859 679 3917 Guell.
697 3877 763 3915 1.2.
776 3857 803 3924 4.
817 3855 844 3912 t.
858 3854 989 3932 8.9.1o.
1009 3870 1054 3914 ιι,
1073 3869 1118 3912 ιι.
1138 3845 1207 3907 Tur.
1223 3871 1287 3910 ι.ι.
1314 3849 1482 3913 lterum&
1509 3853 1629 3915 additis.
1659 3853 1720 3914 Bos.
1739 3875 1760 3912 ι.

362 3989 417 4050 pro
431 3967 510 4028 varia
522 3967 645 4026 lectione
667 3983 691 4022 2.
707 3964 737 4033 Δ.
760 3963 818 4023 inc.
836 3981 859 4017 ι.
882 3957 994 4018 Fabric.
1010 3976 1036 4012 a.
1058 3955 1146 4012 Palat.
1162 3955 1190 4024 d.
1212 3954 1261 4014 lc.
1282 3954 1366 4014 Rem.
1379 3968 1473 4037 uterq.
1495 3957 1562 4018 tin.
1579 3979 1603 4018 1.
1625 3957 1719 4022 Gnsll'.
1733 3981 1758 4038 7.

365 4078 393 4137 5.
416 4073 480 4153 (ubi
496 4083 591 4131 tamen
604 4066 779 4143 etalterum)
802 4066 885 4125 Ilern.
903 4083 926 4126 ι.
947 4068 1067 4119 ventum
1081 4067 1130 4118 est.
1152 4059 1191 4116 ita
1208 4057 1328 4118 llorere.
1340 4061 1444 4133 edidit,
1460 4062 1685 4124 adsentientibus
1698 4084 1762 4124 om·

359 4181 465 4252 nibus,
488 4175 669 4246 arridetur,
689 4172 768 4234 leid.
789 4171 849 4230 Bas.
870 4165 975 4228 1.a.3.
994 4167 1022 4235 4,
1043 4157 1112 4227 Tur.
1125 4185 1150 4222 ι.
1168 4182 1194 4222 2.
1218 4163 1303 4222 Bcrn.
1318 4185 1342 4223 ι.
1355 4185 1381 4224 2.
1397 4169 1423 4228 3.
