3850 4867
397 336 464 384 112

342 489 647 581 nemitorem,
672 488 941 566 decernuntur.
978 491 1030 564 At
1046 486 1250 595 Iugurtha,
1275 501 1410 562 contra
1432 507 1538 587 spem
1559 477 1704 555 nuncio
1724 498 1782 550 ae-

387 630 517 720 cepto,
543 614 689 719 quippe
708 613 772 688 eui
788 614 917 689 Rcmae
936 611 1066 688 omnia
1087 637 1228 688 venum
1252 609 1307 686 ire
1330 608 1522 684 inanimo
1545 603 1718 694 haeserat5
1741 597 1782 673 li-

389 737 487 814 lium
509 754 548 814 et
574 765 665 813 cum
683 763 728 812 eo
747 736 842 814 duos
864 735 1063 813 familiaris
1093 735 1143 810 ad
1171 735 1353 810 Senatum
1381 733 1520 839 legatos
1543 727 1685 804 mittit:
1710 722 1783 800 his-

389 887 465 964 que
485 877 531 935 ut
551 855 643 952 illis,
672 887 767 964 quos
783 859 999 964 Hiempsale
1023 858 1221 935 interfecto
1243 857 1412 946 miserat,
1436 852 1639 959 praecepit,
1664 849 1783 926 omnis

388 984 559 1060 mortalis
587 984 748 1088 pecunia
769 983 1050 1088 adgrediamur.
1091 982 1171 1080 Qui
1193 999 1399 1086 postquam
1428 981 1587 1054 Romam
1608 975 1785 1052 adventa-

388 1109 505 1204 bant3
522 1109 682 1184 Senatus
702 1136 724 1184 a
742 1108 862 1184 Bestia
884 1106 1081 1182 consultus
1100 1121 1180 1180 est:
1206 1104 1421 1209 placeretne
1437 1102 1575 1208 legatos
1591 1097 1784 1206 Iugurthae

392 1232 511 1335 recipi
533 1232 725 1307 moenibus
736 1264 747 1326 3
770 1229 890 1334 hique
902 1230 1118 1307 decrevere:
1138 1228 1212 1303 nisi
1226 1253 1386 1332 regnum
1399 1226 1600 1330 ipsumque
1613 1213 1784 1301 deditum

388 1357 594 1446 venissent,
618 1357 677 1430 uti
696 1356 738 1430 in
760 1355 893 1431 diebrn
913 1352 1108 1459 proxumis
1136 1352 1266 1427 decem
1285 1350 1396 1425 ltalia
1419 1349 1651 1426 decederent
1690 1351 1787 1424 Con-

387 1479 448 1554 sul
469 1479 645 1553 Numidia
667 1506 712 1568 ex
736 1479 866 1554 Senati
897 1477 1047 1553 decreto
1070 1475 1248 1550 nunciari
1277 1475 1384 1551 iubet
1394 1471 1410 1568 ;'
1429 1474 1481 1548 ita
1506 1473 1654 1549 infectis
1677 1473 1787 1550 rebus

390 1601 450 1678 illi
469 1603 628 1678 domum
651 1602 860 1678 discedunt
908 1601 1068 1676 Interim
1095 1598 1342 1702 Calpurniae,
1367 1616 1501 1702 parato
1528 1598 1713 1689 exercitu,
1737 1599 1788 1673 le-

388 1742 452 1830 gat
470 1726 543 1801 sibi
564 1725 736 1801 homines
758 1726 916 1816 nobilis,
950 1724 1144 1812 factiosos,
1166 1749 1334 1825 quorum
1349 1723 1594 1812 auctoritate,
1618 1748 1704 1826 quoe
1726 1723 1789 1798 de-

388 1849 572 1953 liquisset,
591 1849 742 1924 munita
757 1849 838 1924 fore
852 1847 1051 1952 sperabat:
1078 1847 1121 1922 in
1142 1846 1226 1949 quis
1240 1845 1317 1920 fuit
1331 1847 1511 1935 Scaurus,
1530 1847 1638 1922 cuius
1655 1846 1702 1922 de
1720 1873 1789 1922 na-

389 1991 475 2050 tura
495 1990 535 2049 et
552 1972 693 2048 habitu
712 1998 827 2076 supra
846 1971 1145 2047 memoravimus.
1182 1971 1280 2044 Nam
1301 1971 1343 2045 in
1364 1973 1527 2046 Consule
1543 1987 1672 2046 nostro
1689 1969 1813 2052 mul-.

390 2115 437 2172 1ae
456 2100 644 2201 bonaeque
667 2113 764 2171 artes
791 2096 911 2170 animi
931 2112 971 2170 et
999 2095 1166 2199 corporIs
1193 2110 1330 2184 erant,
1362 2121 1455 2198 quas
1482 2097 1605 2171 omnis
1631 2096 1788 2170 avaritia

389 2222 666 2328 praepediebat3
690 2221 838 2324 patiens
854 2220 1051 2308 laborum,
1076 2219 1155 2293 acri
1176 2218 1346 2322 ingenio,
1370 2220 1457 2294 satis
1472 2219 1689 2322 providens,
1709 2221 1789 2294 bel-

389 2346 419 2420 li
441 2345 548 2421 haud
563 2345 735 2449 ignarus,
762 2342 1010 2417 firmissumus
1033 2357 1165 2416 contra
1189 2341 1358 2444 pericula
1383 2358 1421 2418 et
1444 2342 1605 2418 insidias.
1646 2343 1719 2420 Sed
1735 2345 1789 2420 le-

392 2470 519 2572 giones
542 2496 611 2572 per
629 2468 781 2542 Italiam
802 2464 1010 2570 Rhegium,
1035 2481 1150 2567 atque
1177 2464 1267 2541 inde
1285 2466 1469 2556 Siciliam,
1495 2495 1610 2571 porro
1630 2495 1676 2544 ex
1699 2470 1793 2544 Siei-

395 2593 447 2666 lia
470 2593 510 2666 in
530 2592 698 2666 Africam
719 2605 953 2681 transvectae3
979 2588 1096 2693 igitur
1120 2587 1352 2691 Calpurnius
1373 2590 1503 2681 initio,
1525 2594 1666 2695 paratis
1688 2621 1792 2670 com-

390 2717 594 2807 meatibus,
626 2715 763 2790 acriter
788 2712 1009 2788 Numidiam
1031 2711 1214 2815 ingressus
1243 2729 1321 2803 est,
1363 2714 1577 2818 multosque
1601 2719 1791 2808 mortalis,

346 2859 383 2919 29
395 2857 432 2916 et
452 2841 564 2916 urbes
591 2840 738 2944 aliquot
759 2837 968 2943 pugnando
998 2835 1106 2939 cepit
1148 2835 1220 2913 Sed
1244 2837 1312 2912 ubi
1345 2837 1529 2943 Iugurtha
1561 2867 1631 2944 per
1653 2842 1791 2950 legatos

472 3043 547 3126 Cup.
566 3047 615 3110 aa.
640 3043 741 3104 venire
758 3042 861 3102 Ieidl.
878 3051 906 3102 et
927 3041 988 3101 duo
1010 3040 1087 3100 Ririi
1106 3041 1184 3102 libri.
1205 3041 1293 3103 Palat.
1314 3044 1455 3106 meliores.
1470 3044 1530 3104 duo
1546 3045 1659 3112 Wassii.
1686 3067 1789 3110 venitm

389 3152 433 3212 ire
454 3154 549 3212 ceteri.
570 3152 602 3209 in
621 3151 722 3210 onirno
740 3148 897 3208 intem
916 3145 978 3206 Bas.
994 3167 1018 3205 1.
1039 3146 1273 3222 duosamiliores
1295 3147 1390 3207 Guels.
1406 3170 1434 3230 9.
1452 3169 1496 3214 ιο.
1523 3149 1601 3228 isque
1616 3152 1678 3212 Bas.
1696 3175 1720 3219 ι,
1742 3155 1788 3215 lu‘s

388 3258 472 3321 sem.
488 3279 513 3322 ι.
532 3240 668 3337 praepa
689 3255 774 3313 muru
794 3251 875 3315 corr.
896 3250 993 3310 coda.
1013 3250 1093 3309 tua
1103 3252 1133 3309 ι.
1144 3250 1175 3311 ι.
1187 3253 1206 3311 ι.
1220 3255 1242 3313 1.
1265 3252 1397 3332 praeta
1419 3253 1487 3313 ιιι.
1505 3275 1529 3313 ι.
1555 3257 1621 3316 ε...
1641 3279 1665 3316 1.
1686 3260 1744 3319 ι...
1760 3282 1786 3320 ,,

388 3364 467 3424 Vrat.
482 3384 506 3421 1.
527 3366 625 3443 plures
640 3359 738 3419 Guels.
760 3358 845 3417 ceteri
859 3356 940 3415 Leid.
961 3356 1023 3414 Ras.
1040 3377 1064 3414 1.
1091 3364 1123 3415 ut
1139 3365 1219 3416 omni
1237 3366 1324 3417 morl.
1345 3359 1412 3417 Scn.
1427 3379 1452 3416 ι.
1473 3359 1584 3422 Fabric.
1601 3383 1628 3422 2.
1648 3363 1746 3424 Vinar.
1759 3387 1786 3426 ι.

390 3469 440 3529 tle.
461 3468 558 3526 Guels.
573 3466 601 3536 Δ.
620 3485 665 3524 ιι.
687 3463 768 3523 Leid.
782 3482 808 3520 a.
823 3482 848 3520 e.
874 3460 934 3518 bas.
946 3461 976 3531 4.
1002 3459 1071 3520 Τιιι.
1097 3460 1181 3520 Beru.
1200 3481 1225 3519 ι.
1240 3461 1270 3521 3.
1295 3482 1376 3522 omn.
1398 3473 1430 3522 ut
1443 3485 1482 3528 m.
1512 3465 1622 3532 Fabrie.
1649 3467 1744 3535 Guell.
1758 3492 1786 3532 ι.

387 3575 448 3634 ΕιΙ.
478 3572 570 3630 Rome
587 3571 703 3629 micent.
723 3566 819 3628 Turio.
838 3565 951 3625 Fabrie.
969 3584 1032 3625 ι.ι.
1053 3565 1198 3625 consultus
1214 3575 1264 3626 est.
1286 3575 1400 3627 estant
1419 3563 1579 3630 tresCortii
1595 3571 1671 3632 libri.
1700 3575 1785 3655 ltaque

377 3682 487 3762 plures
498 3675 577 3735 libri.
598 3672 633 3731 lu'
645 3673 730 3732 Bam.
746 3692 771 3730 ι.
792 3669 827 3729 ru’
841 3689 964 3748 regumn
984 3674 1081 3751 plures
1094 3669 1180 3733 Ilirii.
1194 3691 1294 3731 omnes
1310 3670 1397 3732 Palat.
1427 3673 1477 3752 (ni
1491 3673 1595 3756 fallor)
1622 3678 1682 3738 Bas.
1693 3679 1722 3752 4.
1743 3682 1786 3743 ita

389 3785 512 3843 domum
529 3777 633 3840 reversi
648 3786 716 3837 unt
734 3777 819 3836 Febr.
843 3798 869 3835 ι.
888 3774 956 3835 Tur.
979 3795 1035 3840 rev.
1046 3785 1114 3834 sunt
1133 3777 1217 3834 etiarn
1228 3775 1311 3840 Febr.
1323 3797 1350 3836 ι.
1371 3786 1541 3840 transvector
1553 3791 1620 3841 sunt
1640 3783 1698 3844 Erl.
1718 3784 1785 3870 Τις.

389 3887 501 3947 [eide.
513 3886 544 3944 d.
555 3886 575 3942 s.
588 3905 617 3965 g.
628 3881 659 3942 h.
668 3884 689 3941 i.
699 3881 726 3940 h.
740 3881 810 3948 Tur,
824 3881 908 3945 Bam.
924 3901 949 3940 ι.
972 3879 1056 3940 ἰηίιίο
1071 3879 1180 3941 acriter
1192 3878 1335 3962 Culpam.
1364 3881 1425 3943 Bas.
1438 3905 1462 3943 ι.
1476 3885 1698 3967 impunitosore
1717 3891 1783 3958 Vin,

393 4012 419 4054 a.
441 3992 545 4051 multos
557 3988 694 4049 mortales
712 3987 816 4048 Frane.
836 3985 920 4046 Febr.
940 4007 968 4051 a.
999 3987 1085 4045 etiam
1102 3984 1186 4046 Fabi.
1209 4009 1234 4046 ι.
1262 3991 1406 4068 quainter
1425 3992 1524 4053 finees.
1554 4003 1582 4054 et
1599 3997 1663 4055 urb.
1682 4007 1710 4056 et
1725 4020 1785 4061 om.

388 4097 448 4158 Erl.
469 4096 567 4159 Guelf.
582 4115 626 4155 ιο.
648 4093 726 4174 eupit
744 4094 804 4151 ine.
818 4113 843 4151 1.
863 4101 892 4150 et
911 4090 971 4150 duo
987 4091 1037 4150 alii
1055 4089 1136 4150 Cort.

452 4221 524 4312 Cap.
541 4247 588 4312 29.
609 4245 646 4291 ae
662 4222 793 4286 minutor
810 4222 905 4288 Strur.
927 4219 1023 4282 Guels.
1035 4220 1063 4295 4.
1078 4241 1108 4304 9.
1123 4241 1167 4291 ra.
1195 4231 1223 4284 et
1239 4222 1371 4287 minister
1390 4225 1492 4290 Irene.
1511 4228 1570 4291 ine.
1585 4250 1609 4296 ι.
1630 4229 1728 4299 Guelt.
1742 4256 1786 4300 ro.
