3850 4867
399 303 472 394 264

373 480 473 558 asad
494 482 590 571 iam,
617 509 695 587 quo
719 482 853 557 meiius
874 481 1100 585 faciliusque
1115 481 1341 575 constituas,
1362 483 1513 587 paucis,
1533 506 1621 586 quse
1637 510 1696 558 me
1713 486 1786 561 ani·

399 631 484 683 mus
514 621 660 693 monet,
685 607 823 708 accipe.
878 605 1027 681 bellum
1048 606 1119 682 tibi
1151 606 1250 697 fuis,
1288 606 1515 711 imperator,
1536 632 1627 697 cum
1647 605 1788 684 bomine

399 730 522 818 claro,
547 728 694 833 magnis
723 729 876 832 opibus,
903 728 1015 806 avido
1042 730 1241 835 potentiss,
1262 733 1407 807 maiore
1427 729 1582 806 fortuna
1602 758 1718 833 quam
1741 760 1789 807 ss-

398 853 568 961 pientia:
593 878 709 957 quem
730 853 848 929 secuti
867 869 959 929 sunt
979 855 1113 958 pauci,
1136 882 1207 961 per
1224 880 1334 931 suam
1353 854 1536 931 iniuriam
1555 854 1626 931 tibi
1646 856 1790 934 inimici:

399 979 491 1057 item
523 1004 619 1083 quos
646 976 808 1053 affinitas
841 992 909 1051 aut
943 976 1019 1055 alia
1053 973 1288 1056 necessitudo
1313 979 1436 1057 traxit
1486 980 1585 1055 Nam
1613 982 1791 1087 particeps

398 1102 671 1181 dominationis
684 1126 810 1207 neque
832 1099 908 1175 fuit
926 1102 1152 1207 quisquam
1177 1130 1322 1207 neque,
1333 1103 1365 1183 si
1387 1102 1469 1209 pati
1484 1103 1682 1209 potuisset,
1700 1108 1792 1185 orbis
1868 1087 1869 1130 ³

399 1245 590 1307 terrarum
616 1226 718 1303 bello
751 1250 954 1304 concussus
996 1226 1101 1304 foret
1153 1231 1285 1306 Cetera
1320 1228 1531 1304 multitudo
1558 1228 1675 1334 volgi,
1698 1259 1792 1309 more

397 1353 515 1459 magis
541 1380 659 1459 quam
689 1350 852 1442 iudicio,
878 1367 965 1455 post
980 1352 1078 1429 alius
1093 1352 1235 1445 alium,
1254 1354 1363 1459 quasi
1379 1352 1794 1458 prudentiorem,secu-

398 1480 437 1553 ti.
488 1482 559 1555 Per
584 1476 687 1556 idem
708 1492 856 1581 tempus
878 1474 1089 1552 maledictis
1112 1476 1338 1580 iniquorum
1360 1476 1593 1581 occupandae
1619 1479 1793 1585 reipubli-

311 1650 319 1665 -
398 1627 451 1677 0oe
476 1600 518 1677 in
550 1626 655 1707 spem
677 1598 833 1675 adducti
866 1596 1058 1690 homines,
1082 1599 1223 1704 quibus
1253 1601 1384 1677 omnis
1412 1601 1555 1706 probro
1573 1628 1621 1678 ac
1650 1604 1793 1683 luxuria

396 1726 547 1832 polluta
559 1742 686 1816 erant,
711 1750 938 1803 concurrere
951 1724 995 1801 in
1015 1739 1135 1799 castra
1150 1740 1217 1801 tua
1239 1757 1248 1799 e
1273 1741 1311 1801 et
1327 1740 1458 1830 aperte
1471 1726 1611 1829 quietis
1623 1740 1793 1821 mortem,
1869 1763 1870 1766 ¹

396 1851 572 1956 rapinas,
595 1866 785 1955 postremo
810 1848 965 1941 omnia,
991 1873 1078 1951 quae
1101 1864 1282 1953 corrupto
1299 1849 1430 1929 animo
1449 1849 1623 1944 iubebat,
1649 1855 1795 1933 minita-

397 1976 440 2051 ri.
492 1976 548 2049 Ex
573 1974 658 2078 quis
683 2000 821 2077 magna
841 1998 950 2078 pars,
977 1972 1046 2047 ubi
1074 1997 1200 2075 neque
1222 1972 1411 2049 creditum
1427 1976 1662 2068 condonare,
1679 2005 1795 2085 neqre

398 2117 434 2175 tc
452 2098 615 2187 civibus,
642 2096 754 2172 sicuti
772 2094 962 2186 hostibus,
988 2095 1047 2171 uti
1065 2094 1217 2187 rident,
1244 2096 1463 2173 defluxere:
1487 2100 1602 2204 pauci
1616 2104 1787 2192 restitere,

397 2224 537 2325 quibus
566 2222 687 2297 maius
714 2221 836 2295 otium
858 2222 901 2295 in
928 2219 1057 2295 castris
1081 2246 1199 2322 quam
1218 2222 1346 2297 Romae
1371 2221 1548 2299 futurum
1565 2242 1666 2317 crat3
1695 2244 1791 2303 tanta

399 2348 455 2422 vis
481 2346 715 2422 creditorum
730 2343 991 2448 impendebat.
1041 2343 1115 2419 Sed
1138 2345 1189 2419 ob
1213 2344 1363 2420 easdem
1378 2371 1524 2423 caussas
1539 2348 1706 2427 immane
1723 2354 1793 2429 dic·
1870 2385 1871 2420 i

399 2488 443 2545 tu
462 2486 530 2557 est,
555 2467 692 2571 quanti
718 2468 765 2549 et’¹
787 2494 905 2571 quam
927 2468 1041 2542 multi
1060 2469 1237 2544 mortales
1260 2485 1388 2571 postea
1417 2470 1467 2545 ad
1483 2474 1708 2577 Pompeium
1729 2479 1793 2554 dis-

410 2591 611 2667 cesserint:
641 2616 762 2693 ceque
780 2616 850 2694 per
869 2616 983 2666 omne
1003 2596 1151 2695 temptas
1173 2590 1266 2665 belli
1287 2592 1395 2694 qussi
1413 2618 1519 2670 sacro
1544 2612 1660 2700 atque
1678 2601 1794 2705 ineps

371 2717 496 2791 aliato
518 2715 610 2793 fano
629 2714 814 2790 debitores
835 2713 902 2787 usi.
943 2713 1086 2819 Igitur,
1109 2713 1295 2816 quoniam
1319 2715 1390 2790 tibi
1409 2716 1543 2794 victori
1565 2721 1613 2797 de
1633 2723 1733 2801 bello
1747 2744 1794 2805 at·

400 2864 476 2945 que
497 2864 590 2945 pace
613 2836 836 2942 agitandum
855 2852 931 2911 est:
955 2832 1031 2912 boc
1054 2836 1112 2913 uti
1134 2836 1296 2915 civiliter
1318 2839 1503 2945 deponas,
1527 2843 1594 2920 ilia
1619 2864 1665 2922 ut
1686 2877 1791 2953 quan

401 2963 600 3041 iustissima
620 2978 659 3037 et
681 2961 867 3037 diuturna
885 2960 955 3035 sit:
981 2958 1030 3037 de
1049 2976 1098 3047 te,
1107 2960 1188 3065 ipso
1208 2963 1398 3066 primum,
1422 2965 1491 3068 qui
1511 2993 1555 3041 ea
1575 2977 1793 3077 compositu·
1871 3051 1872 3076 2

400 3112 464 3165 rus
482 3112 539 3179 es,
564 3085 670 3193 quod
691 3102 896 3189 optumum
917 3083 1024 3160 factu
1042 3100 1115 3175 est,
1141 3085 1334 3162 existuma.
1367 3088 1556 3192 Equidem
1577 3118 1645 3199 ego
1665 3118 1791 3175 cuncta

400 3212 559 3321 imperia
591 3208 761 3287 crudelia
788 3208 905 3314 magis
942 3208 1079 3285 acerba
1111 3235 1229 3313 quam
1252 3208 1438 3287 ‹lintsrrna
1462 3214 1630 3293 arbitror
1636 3252 1648 3313 ;
1680 3249 1791 3329 neque

400 3362 635 3443 quemquam
655 3332 786 3409 multis
809 3333 1060 3411 metuendum
1082 3358 1174 3424 csse,
1198 3334 1296 3437 quin
1323 3333 1372 3410 ad
1392 3362 1483 3411 eum
1502 3364 1548 3414 ex
1573 3342 1705 3423 multia
1726 3348 1792 3425 sor»

399 3462 504 3549 mido
524 3458 690 3535 recidat:
714 3482 800 3533 eam
823 3456 942 3531 vitam
963 3457 1112 3544 ballum
1126 3473 1313 3534 rotomum
1332 3473 1371 3534 et
1385 3486 1523 3566 anceps
1539 3490 1690 3569 gerere:
1708 3500 1796 3577 quc.

400 3586 506 3660 niam
522 3608 647 3687 neque
669 3579 867 3669 advorsus,
892 3606 1017 3685 neque
1035 3582 1086 3657 ab
1104 3598 1206 3687 tergo
1217 3600 1286 3658 aut
1296 3582 1479 3661 lateribus
1497 3602 1603 3665 tutus
1619 3592 1687 3685 sis,
1708 3622 1793 3675 sem.

400 3734 469 3811 per
488 3707 530 3783 in
555 3702 727 3811 periculo
758 3718 827 3778 aut
855 3720 960 3779 metu
983 3704 1107 3808 agites
1149 3707 1292 3783 Contra
1322 3708 1392 3809 qui
1412 3708 1649 3816 benignitate
1667 3736 1707 3795 et
1726 3722 1790 3800 cie·
1871 3749 1872 3806 r

400 3924 442 3940 -
464 3884 536 3969 cap.
552 3890 580 3949 s.
602 3884 655 3945 su
674 3884 790 3964 qaum
804 3882 1184 3946 assumseram
1205 3885 1259 3946 aaa
1277 3907 1365 3966 qum
1386 3888 1489 3962 aaa
1508 3891 1594 3956 ssu.
1607 3908 1638 3960 a
1652 3897 1726 3963 aaa
1742 3903 1786 3964 u
1871 3851 1872 3911 ἢ

401 4004 434 4055 ut
448 4013 536 4075 quarn
557 3989 621 4057 iust,
641 3989 735 4052 Vatis.
756 3987 808 4068 qui
821 4008 856 4049 co
871 4006 965 4071 comp.
986 4008 1021 4049 aa
1041 4008 1101 4051 om.
1121 3989 1207 4054 Febr·
1219 4002 1249 4053 st
1260 3990 1335 4053 Bric.
1355 4014 1527 4078 quanqam
1543 4001 1577 4060 ,ἢ
1599 4004 1697 4067 mum,
1714 4000 1786 4073 mr!
1870 4057 1872 4094 ᾧ

401 4111 430 4163 ct
449 4098 525 4159 Bric.
547 4116 635 4177 psam
661 4095 716 4155 ciii
739 4094 811 4157 circs
830 4096 928 4155 vatic.
946 4105 976 4155 et
996 4104 1078 4161 vcta·
1104 4094 1203 4159 editio.
1224 4096 1308 4159 hard
1324 4098 1384 4163 sois
1404 4120 1447 4161 on
1465 4101 1518 4181 qui
1529 4126 1584 4167 me.
1603 4107 1695 4173 Vatia.
1713 4111 1784 4173 ham

401 4205 558 4270 wioccteri
575 4222 636 4265 om.
657 4210 767 4261 namra
792 4199 873 4263 nobis
890 4198 1071 4281 hostibusque
1085 4220 1139 4263 nos
1157 4197 1244 4264 Faba.
1264 4224 1295 4265 n.
1321 4224 1355 4267 rs,
1380 4206 1561 4291 mmm„
1578 4232 1685 4297 m
1699 4216 1789 4279 m..
