3850 4867
145 485 240 590 gium
256 480 416 571 dicitur,
431 480 614 557 Salustius
630 504 677 557 ex
697 478 764 555 tali
786 506 915 558 caussa
937 484 1066 563 vocari
1083 484 1234 579 scribit,
1252 485 1405 567 diceus:
1422 488 1544 565 Italiae

145 610 229 686 olim
240 609 409 685 Siciliam
428 606 677 683 coniunctam
696 604 825 699 fluisse,
846 623 885 683 et
901 607 998 684 dum
1012 627 1106 687 osset
1122 638 1202 688 una
1221 612 1353 705 tellus,
1367 612 1542 693 medium

141 736 300 841 spatium
315 750 385 811 aut
406 758 476 839 per
497 730 768 807 humiditatem
790 730 1003 837 abruptum
1018 752 1073 810 est
1086 737 1213 841 equis,
1241 754 1311 813 aut
1329 766 1400 845 per
1419 766 1542 847 angu-

136 862 240 964 stiam
262 860 428 938 scissum
478 862 528 935 Et
550 857 641 937 inde
663 846 766 965 iloto
785 858 1048 950 nominatum,
1074 862 1166 965 quia
1186 888 1306 969 graece
1329 864 1543 971 abruptum

137 985 205 1065 boc
225 970 385 1064 nomine
401 1002 661 1092 nuncupatur.
697 988 763 1061 Est
780 1001 910 1061 autem
932 984 1206 1078 arctissimum,
1231 988 1540 1067 triummillium

134 1113 249 1219 spatio
261 1113 434 1190 Siciliam
454 1112 504 1185 ab
524 1111 633 1186 ltalia
656 1109 847 1201 dividens,
869 1108 1053 1186 sabulosis
1068 1109 1213 1189 infame
1230 1113 1427 1205 monstris,
1452 1114 1540 1219 qui-

133 1238 198 1315 bus
217 1238 314 1315 hinc
335 1237 426 1314 iude
447 1235 561 1313 Scilla
578 1252 618 1312 et
637 1234 839 1312 Cheribdis
863 1234 1085 1311 ostenditur.
1136 1235 1293 1313 Scillam
1316 1239 1455 1315 accolas
1478 1264 1539 1317 sa·

131 1390 218 1441 xum
239 1366 284 1441 in
306 1364 405 1440 mari
428 1363 633 1442 imminens
653 1360 868 1468 appellant,
891 1360 1015 1436 simile
1034 1360 1233 1437 celebrate
1249 1362 1382 1441 formae
1399 1364 1537 1469 procul

132 1490 344 1566 visentibus.
391 1488 503 1565 Unde
524 1505 562 1565 et
582 1504 862 1564 monstruosam
886 1486 1052 1590 speciem
1076 1484 1219 1579 fabulae
1242 1488 1301 1563 illi
1326 1489 1534 1580 dederant,

131 1616 232 1718 quasi
252 1616 422 1699 somnam
441 1612 609 1690 hominis
631 1612 821 1719 capitibus
846 1613 1083 1689 succinctam
1107 1613 1276 1705 caninis,
1302 1614 1394 1719 quia
1413 1599 1552 1694 collisi

129 1740 179 1816 ibi
206 1742 351 1817 fluctus
380 1739 539 1815 latratus
567 1739 747 1815 videntur
780 1739 999 1843 exprimere.
1051 1736 1255 1816 charibdis
1282 1738 1407 1835 dicta,
1429 1741 1537 1846 quod

128 1866 337 1972 gurgitibus
364 1864 524 1939 occultis
552 1890 665 1940 naret
693 1864 898 1940 absorbeat.
951 1866 1018 1940 Est
1044 1865 1150 1942 enim
1176 1890 1282 1942 mare
1301 1864 1536 1945 vorticosum

127 2006 160 2067 et
177 1990 268 2067 inde
295 1988 350 2066 ibi
380 1989 523 2064 laniata
549 1986 749 2093 naufragia
771 2004 979 2095 emergunt.
1014 1993 1089 2066 Ter
1111 2008 1241 2069 autem
1261 1991 1304 2067 in
1326 1990 1390 2068 die
1420 1992 1535 2100 erigit

126 2114 279 2209 lluctus,
306 2130 345 2191 et
368 2130 426 2190 ter
452 2114 636 2189 absorbet.
687 2114 786 2203 Nam
806 2112 947 2218 accipit
965 2138 1084 2218 aquas
1107 2131 1154 2190 ut
1171 2132 1317 2211 romat,
1342 2116 1463 2217 vomit
1486 2132 1534 2219 ut

127 2268 251 2319 rursus
275 2238 448 2346 accipiat.
1452 2220 1456 2227 ’
1500 2340 1504 2348 ‚

169 2394 251 2443 ιιι.
279 2365 407 2443 Sardis
422 2364 587 2441 Hercule
610 2376 848 2467 procreatus,
878 2387 969 2439 cum
986 2390 1126 2470 magua
1147 2362 1401 2445 multitudine
1423 2392 1446 2442 a
1467 2357 1542 2458 Li<

110 2490 202 2595 bya·
215 2491 428 2599 profectus,
452 2488 670 2566 Sardiniam
700 2488 903 2589 occupavit
931 2503 1045 2564 etex
1073 2515 1143 2567 suo
1173 2491 1360 2568 vocabulo
1393 2489 1529 2569 intulae

123 2643 260 2695 nomen
284 2617 400 2694 dedit.
437 2614 527 2689 Haec
546 2614 588 2688 in
604 2611 732 2688 Africo
750 2609 851 2684 mari
872 2608 969 2687 facie
985 2614 1131 2719 vestigii
1153 2612 1319 2719 humani
1338 2615 1382 2693 in
1403 2615 1530 2694 orien-

122 2755 156 2817 te
174 2770 294 2846 quam
312 2738 508 2817 occidente
530 2737 644 2812 latior
664 2733 876 2841 prominet,
903 2733 1022 2813 ferme
1039 2738 1199 2842 paribus
1218 2738 1419 2831 lateribus,
1440 2764 1528 2845 que

123 2864 161 2941 iu
183 2867 382 2945 meridiem
405 2879 443 2939 et
456 2862 754 2966 septentrionem
774 2872 950 2949 vertunt,
976 2888 1022 2937 ex
1047 2889 1126 2967 quo
1146 2879 1238 2939 ante
1253 2866 1527 2942 commercium

123 3016 142 3064 a
177 2990 446 3097 navigantibus
485 2984 709 3063 Graecorum
743 2979 831 3077 ἴχνος
854 2984 1046 3089 appellata
1082 3004 1145 3063 est.
1193 2991 1312 3075 Terra
1344 3007 1451 3095 patet
1483 2992 1526 3067 in
1639 3039 1646 3053 .

123 3113 363 3222 longitudine
377 3111 500 3189 millia
522 3112 628 3201 CXI,
652 3111 858 3186 latitudine
875 3112 939 3185 xt
971 3112 1018 3184 In
1034 3136 1077 3185 ea
1100 3137 1390 3217 nequeserpens
1403 3113 1526 3219 gigni·

122 3248 181 3315 tur
202 3266 329 3344 neque
357 3238 492 3341 lupus,
515 3233 580 3309 sed
596 3234 756 3341 solifuga
775 3251 947 3326 tantum,
973 3234 1120 3309 animal
1135 3237 1332 3341 exiguum,
1354 3235 1525 3312 homiui-

120 3364 187 3442 bus
203 3363 472 3473 perniciosum.
507 3360 713 3433 Venenum
736 3358 790 3433 ibi
814 3384 968 3461 quoque
994 3385 1075 3436 non
1100 3361 1285 3452 nascitur,
1310 3361 1385 3437 nisi
1403 3358 1524 3437 herba

121 3518 185 3597 per
199 3492 400 3595 scriptores
421 3484 607 3591 plurimos
627 3499 667 3558 ct
683 3498 810 3587 poetas
827 3498 1053 3576 memorata,
1078 3487 1243 3590 apiastro
1260 3485 1411 3578 similis,
1436 3512 1524 3591 qum

120 3614 337 3695 bominibus
369 3612 488 3688 rictus
522 3603 718 3684 contrabit
750 3622 789 3682 et
814 3606 922 3709 quasi
947 3606 1113 3717 ridentes
1136 3610 1332 3686 interimit
1383 3613 1524 3690 Fontes
1630 3637 1635 3645 ’

120 3816 197 3880 satir.
215 3840 247 3896 ι,
271 3814 326 3887 rod
347 3849 389 3866 ·-
410 3832 478 3891 219.
490 3806 596 3869 Asson.
615 3803 736 3869 Pedion.
749 3804 787 3865 ad
803 3804 868 3872 Cic.
885 3804 970 3867 Orat.
991 3826 1047 3887 pro
1061 3804 1201 3868 Cornelio
1215 3831 1247 3890 p.
1258 3808 1311 3885 58,
1322 3807 1352 3870 b.
1374 3810 1453 3872 Edit.
1468 3808 1522 3872 lt-

120 3922 178 3986 din.
204 3924 290 3987 1563.
323 3925 503 4001 repugnante
522 3924 551 3973 et
571 3911 637 3973 tulit
658 3932 693 3972 ex
713 3912 880 3972 coniectura
899 3911 1021 3984 addita3
1050 3922 1141 3972 textos
1160 3914 1240 3973 enim
1261 3917 1383 3977 mutilus
1401 3926 1453 3984 est.
1480 3950 1522 3968 -

123 4018 585 4097 aso.et221.ltid.1l.6.ct13‚
602 4019 647 4079 18.
669 4015 731 4078 hec
743 4018 899 4077 maximam
914 4027 1028 4098 partem
1045 4018 1407 4100 chalustiobanstassse‚
1419 4032 1522 4107 preter

121 4134 203 4216 ipsius
216 4135 341 4197 auctoris
353 4130 462 4205 verba,
483 4149 546 4211 que
559 4127 618 4187 iam
631 4144 718 4204 supra
729 4122 930 4197 laudavimus,
946 4124 993 4186 rel
1011 4123 1083 4184 inde
1101 4134 1196 4205 patet,
1208 4125 1289 4207 quod
1301 4128 1382 4189 stilus
1393 4148 1457 4189 non
1469 4150 1521 4192 ru.

122 4238 161 4301 dis
170 4252 253 4327 atque
264 4240 401 4305 constitus
412 4246 471 4312 ost,
485 4244 520 4296 ut
530 4234 599 4296 alius
611 4232 644 4293 in
653 4229 783 4304 isidoro,
798 4227 849 4290 ted
859 4228 953 4313 gravit
961 4239 1050 4313 atque
1059 4232 1234 4293 luculentus.
1256 4232 1309 4295 eir.
1322 4233 1416 4296 Solio.
1432 4234 1521 4317 1³01,-

1078 4359 1104 4418 a:
