3850 4867
1405 302 1558 381 .53

142 488 222 567 Sed'
237 492 279 567 in
310 508 418 568 tanta
443 492 557 569 Codd.
576 494 659 568 Mss
683 492 792 597 copia
819 492 1025 567 auctoritas
1055 492 1241 597 principis
1265 488 1441 566 editionis
1475 490 1554 564 fere

141 607 252 683 1'1ulla
274 626 337 684 est.
372 610 503 712 Neque
530 610 694 684 aliorum
713 626 915 684 auctorum
941 608 1085 683 diversa
1106 626 1161 684 est
1183 609 1289 683 ratio.
1327 610 1425 681 Nam
1443 603 1552 681 vehe-

139 740 291 799 menter
310 741 460 814 errant,
482 725 559 827 qui'
569 724 701 800 eadem
720 724 922 829 religione,
948 750 1035 825 quae
1055 722 1171 799 bodie
1191 724 1240 799 ab
1253 722 1462 798 editoribus
1476 721 1552 796 exi·

138 838 266 942 gitur,
293 841 506 943 antiquitus
533 840 650 915 libros
676 840 795 915 editos
818 838 931 913 fuisse
956 855 1106 942 putant
1145 841 1376 942 Plerumque
1401 838 1550 911 librarii

137 954 319 1056 pluribus
347 956 461 1031 Codd.
489 956 548 1029 usi
569 972 677 1045 sunt,
697 982 747 1039 ex
770 955 923 1057 quibus,
959 981 1045 1056 quac
1076 955 1287 1058 plurimum
1315 953 1552 1030 auctoritatis

136 1066 282 1145 habere
300 1071 546 1159 videbantur,
564 1070 741 1147 lectiones
755 1072 890 1146 electas
911 1070 1009 1172 typis
1028 1070 1300 1174 exprimebant
1327 1072 1456 1166 Quare
1471 1098 1552 1144 non

136 1200 212 1274 cst,
239 1186 345 1287 quod
375 1187 587 1262 editionum
613 1188 855 1291 principum,
880 1212 967 1289 quae
988 1187 1192 1275 dicuntur,
1217 1186 1438 1260 auctoritati
1467 1202 1551 1259 tan-

136 1316 224 1401 tum
250 1304 402 1377 tribuas

239 1420 452 1493 Bononiam
476 1418 661 1507 adieram,
685 1443 750 1521 spe
772 1418 928 1507 ductus,
952 1417 1034 1492 fore
1052 1417 1152 1490 utin
1173 1413 1247 1490 hac
1263 1416 1404 1491 celebri
1425 1445 1548 1520 quon-

135 1530 230 1605 dam
255 1536 352 1608 urbe
376 1552 413 1609 et
439 1534 707 1637 liberalissimis
735 1533 869 1607 studiis
892 1534 1095 1621 affluente,
1114 1531 1255 1605 multos
1279 1559 1416 1635 eosque
1449 1534 1548 1636 opti-

133 1672 219 1720 mos
242 1650 389 1723 codices
418 1649 635 1723 invenirem.
676 1648 748 1723 Sed
778 1647 860 1722 baec
881 1648 1013 1751 opinio
1038 1648 1176 1722 falsum
1203 1674 1264 1721 me
1283 1646 1429 1722 babuit
1479 1650 1547 1723 Via

133 1761 281 1837 dentur
308 1766 412 1839 enim
436 1765 687 1839 bononienses
707 1764 875 1838 multum
898 1791 920 1836 a
940 1764 1103 1866 pristino
1126 1762 1324 1836 literarum
1341 1790 1470 1839 amore
1487 1792 1539 1840 re·

133 1879 302 1968 cessisse,
327 1882 379 1953 ita
402 1898 446 1953 ut
468 1882 535 1982 qui
556 1881 656 1955 olim·
670 1880 773 1954 docti
794 1880 1043 1967 dicebantur,
1068 1878 1148 1980 jam
1172 1879 1247 1953 alio
1271 1880 1396 1981 potius
1423 1883 1546 1955 nomi·

133 2020 187 2067 ne
203 1996 423 2097 appellandi
440 1998 524 2069 sint.
553 1999 652 2071 Cum
670 1996 711 2068 in
724 1993 957 2069 bibliotheca
975 1994 1132 2097 publica
1152 1994 1266 2096 pauci
1288 2011 1408 2070 essent
1425 1997 1541 2071 Codd·

129 2110 216 2181 Mss.
234 2111 320 2212 (qui
334 2138 462 2186 omnes
475 2112 591 2187 adres
606 2110 870 2186 ecclesiasticas
888 2110 1117 2212 pertinent)
1143 2111 1415 2185 monasterium
1426 2116 1541 2187 Bene·

130 2223 369 2299 dictinorum
393 2227 479 2301 adii.
519 2228 591 2301 Sed
618 2226 719 2299 nihil
747 2254 791 2301 eo
813 2225 1004 2313 stolidius,
1030 2226 1097 2328 qui
1128 2227 1274 2300 vicibus
1292 2227 1540 2302 bibliotheca-

129 2340 182 2412 rii
207 2338 456 2443 fungebatur3
482 2343 626 2445 quippe
648 2343 757 2445 cujus
785 2358 913 2415 tantus
940 2341 1015 2414 fuit
1052 2342 1195 2445 ingenii
1221 2358 1385 2444 stupor,
1411 2360 1457 2416 ut
1492 2371 1542 2421 ne

130 2479 274 2528 nomen
302 2456 458 2558 quidem
483 2457 636 2531 Salustii
666 2458 863 2561 cognitum
887 2455 1063 2545 haberet,
1089 2457 1233 2531 nedum
1266 2457 1315 2531 de
1342 2457 1457 2533 Codd
1480 2462 1539 2556 ju·
1569 2491 1577 2507 ·

128 2568 260 2644 dicare
282 2588 410 2675 posset.
450 2573 537 2646 Solo
558 2572 599 2644 in
623 2571 780 2676 collegio
800 2571 1041 2673 Hispaniensi
1073 2572 1202 2646 inveni
1221 2570 1390 2647 codicem
1415 2574 1539 2650 Salus·

130 2685 283 2759 tianum
298 2685 403 2760 haud
425 2687 770 2781 contemnendum;
796 2714 910 2790 quem
922 2687 1020 2761 mibi
1043 2689 1186 2763 obtulit
1210 2716 1323 2763 senex
1334 2690 1539 2792 Hispanus,
1606 2745 1609 2750 <

126 2802 189 2875 vir
212 2802 448 2895 venerabilis,
474 2830 545 2877 neo
566 2803 693 2877 minus
721 2831 873 2877 morum
897 2804 1083 2904 elegantia
1104 2831 1222 2905 quam
1244 2804 1460 2879 eruditione
1477 2807 1537 2880 in·

126 2918 256 3021 signis.
286 2920 364 3015 Qui
375 2919 531 3021 quidem
546 2919 742 2993 discordiis
765 2918 977 2994 domesticis
994 2919 1119 3023 patria
1141 2920 1295 3023 pulsus,
1318 2919 1432 2993 simul
1446 2948 1535 2995 cum

126 3052 297 3135 quatuor
321 3036 492 3137 patribus
515 3062 561 3108 ex
577 3036 754 3110 societate
784 3037 874 3109 Jesu
899 3034 1088 3108 desertum
1111 3035 1313 3137 collegium
1329 3061 1534 3136 occupave-

126 3165 206 3237 rat,
230 3166 269 3235 et
298 3148 437 3237 libros,
466 3149 700 3250 Napoleonte
720 3166 926 3253 regnante,
959 3150 1141 3253 dispersos
1170 3150 1418 3253 recollegerat
1459 3151 1532 3223 Sed

124 3265 159 3337 ei
179 3291 259 3339 non
274 3265 399 3339 solum
419 3290 520 3339 curoe
537 3282 608 3355 est,
624 3283 669 3341 ut
680 3266 771 3340 libri
793 3266 916 3340 amissi
930 3264 1172 3339 bibliothecae
1187 3264 1451 3351 restituantur,
1464 3265 1529 3339 sed

122 3382 241 3454 etiam
259 3408 395 3455 eorum
415 3381 621 3455 commodis
644 3380 822 3469 inservit,
847 3381 987 3483 quibus
1009 3380 1124 3454 Codd.
1152 3379 1368 3453 examinare
1392 3406 1530 3482 propo-

124 3498 241 3570 situm
258 3513 320 3570 est.
349 3496 609 3591 Quamobrem·
624 3496 735 3571 facile
758 3497 806 3570 ab
827 3522 870 3570 eo
885 3495 1104 3599 impetrari,
1122 3510 1168 3568 ut
1186 3510 1304 3568 totam
1321 3494 1529 3572 bibliothe-

124 3637 210 3685 cam
235 3612 464 3715 perscrutari
483 3638 542 3685 me
565 3612 716 3703 sineret.
743 3611 830 3686 Cod.
848 3611 1101 3699 Salustianus,
1128 3636 1243 3713 quem
1267 3609 1415 3696 inveni,
1442 3614 1527 3687 Saec.

124 3752 197 3799 1111.
219 3744 392 3801 exaratus
415 3754 492 3801 esse
516 3727 686 3820 videtur;
711 3730 760 3801 ab
790 3726 901 3801 initio
924 3726 1134 3800 admodum
1163 3740 1364 3825 corruptus
1386 3741 1457 3813 est,
1483 3727 1525 3803 in

124 3843 292 3945 margine
312 3844 437 3946 glossae
457 3842 675 3946 adscriptae5
700 3842 877 3917 lectiones
890 3842 1076 3917 variantes
1101 3864 1241 3941 paucas
1266 3847 1418 3912 notabo.

205 3980 294 4041 Catil.
315 4003 339 4040 ι.
362 3984 485 4065 indiget.
507 3982 535 4041 3.
555 3984 623 4061 quia
644 4003 661 4039 a
683 4003 733 4061 spe
756 3981 850 4059 (mihi
871 3982 1003 4057 omisso)
1030 4014 1047 4025 -
1075 3978 1268 4036 memorabile
1294 3980 1398 4036 estimo
1440 4000 1469 4058 9.
1491 3981 1522 4037 in
1602 4009 1604 4012 ·
1637 4059 1642 4068 .

121 4082 222 4139 amicis
249 4079 349 4137 fideles
369 4080 417 4148 4¹·
438 4080 562 4137 consilio
587 4099 639 4158 per
663 4099 784 4159 tangam
805 4080 925 4159 cognito
953 4076 1057 4135 Cicero
1082 4074 1130 4144 43.
1151 4076 1196 4133 uti
1217 4074 1346 4133 Catilina
1370 4076 1401 4132 in
1422 4096 1524 4156 agrum

124 4176 284 4234 fesulanum
306 4196 374 4233 cum
395 4176 543 4253 (exercitu
569 4177 601 4234 in
628 4177 758 4256 margine
780 4198 821 4233 m.
843 4173 1052 4248 scsoddidit)
1072 4171 1259 4242 -Statilius,
1288 4169 1431 4230 Gabinius
1444 4174 1489 4231 uti
1508 4204 1526 4218 ·

1070 4290 1092 4365 5
