3850 4867
422 241 491 316 160

366 435 405 516 73
417 434 475 494 tra
499 417 613 496 decus
638 419 785 524 regium
806 433 925 494 noctu
944 418 1198 520 requiescere:
1224 419 1418 495 interdum
1438 417 1571 494 'somno
1594 414 1738 490 excitus
1757 437 1808 485 ar

417 544 534 647 raptis
553 544 667 634 armis
686 543 898 618 tumultum
913 541 1057 634 facere3
1082 541 1133 614 ita
1150 539 1371 634 formidine,
1399 541 1505 644 quasi
1517 539 1712 628 vecordia,
1732 561 1807 612 exa·

420 665 542 770 gitari.
593 666 715 770 Igitur
732 665 924 756 Metellus,
949 665 1017 738 ubi
1039 664 1086 739 de
1100 691 1189 740 casu
1207 665 1423 742 Bomilcaris
1436 682 1475 742 et
1495 663 1639 740 indicio
1652 659 1808 768 patefac-

418 804 457 863 to
478 815 524 864 ex
541 789 710 894 perfugis
731 788 928 892 cognovit,
953 814 1101 878 rursus,
1128 805 1323 892 tamquam
1352 789 1401 866 ad
1424 788 1615 892 integrum
1635 785 1807 868 bellum,

417 930 557 988 cuncta
587 929 700 1016 parat
727 913 964 1014 festinatque.
1014 913 1202 1002 Marium,
1235 913 1458 1018 fatigantem
1489 912 1537 988 de
1566 910 1810 1016 profectione,

414 1034 529 1110 simul
548 1053 586 1111 et
604 1037 769 1111 invitum
786 1052 823 1110 et
842 1035 1044 1126 offensum,
1069 1036 1140 1110 sibi
1160 1063 1298 1140 parum
1317 1037 1498 1112 idoneum
1513 1053 1630 1142 ratus,
1658 1034 1810 1110 domurn

416 1159 585 1234 dimittit
636 1163 686 1234 Et
720 1162 848 1234 Romae
874 1158 1023 1261 plebes,
1047 1159 1165 1236 literis
1194 1215 1204 1249 ,
1242 1186 1329 1262 quae
1360 1161 1409 1236 de
1432 1158 1585 1234 Metello
1617 1185 1663 1232 ac
1695 1157 1811 1232 Mario

415 1277 534 1358 missae
554 1299 681 1372 erant,
695 1281 874 1386 cognitis,
895 1281 1038 1356 volenti
1056 1282 1185 1357 animo
1201 1283 1249 1358 de
1268 1270 1453 1359 ambobus
1471 1297 1705 1392 qcceperant
1744 1283 1811 1354 lm-

413 1407 580 1510 peratori
602 1405 800 1494 nobilitas,
823 1429 910 1506 quae
935 1422 1046 1482 antea
1066 1405 1193 1480 decori
1220 1406 1362 1506 [fuit]
1388 1405 1542 1481 invidiae
1566 1431 1640 1481 esse
1662 1437 1672 1498 ;
1697 1419 1737 1478 at
1760 1401 1811 1476 illi

286 1633 289 1640 ¹
415 1527 526 1604 alteri
543 1529 688 1634 generis
702 1527 901 1602 humilitas
915 1526 1079 1604 favorem
1098 1527 1297 1604 addiderat
1302 1561 1312 1624 5
1327 1547 1494 1604 ceterum
1509 1533 1548 1602 in
1561 1544 1725 1627 utroque
1739 1550 1814 1598 ma-

404 1652 468 1758 gis
490 1653 616 1728 studia
636 1652 808 1755 partium
829 1651 947 1754 qrmm
968 1653 1069 1727 bona
1096 1667 1163 1726 aut
1188 1652 1289 1727 mala
1326 1678 1396 1728 sua
1429 1651 1631 1728 moderata.
1683 1653 1811 1722 Praete·

413 1802 477 1850 rea
506 1775 674 1851 seditiosi
707 1777 946 1880 magistratus
973 1775 1127 1878 volgum
1165 1776 1377 1880 exagitare,
1411 1773 1611 1850 Metellum
1640 1769 1814 1848 omnibus

413 1900 663 1976 concionibus
681 1899 815 2004 capitis
841 1923 1049 1988 accessere,
1073 1897 1186 1972 Marii
1202 1898 1382 1974 virtutem
1402 1899 1444 1973 in
1466 1899 1587 1974 maius
1617 1896 1813 1972 celebrare.

407 2025 591 2128 Denique
618 2023 746 2129 plebes
766 2023 820 2098 sic
849 2047 1023 2110 accensa,
1051 2020 1109 2095 uti
1126 2019 1276 2126 opifices
1292 2037 1525 2126 agrestesque
1548 2047 1694 2111 omnes,
1722 2044 1814 2122 quo-

400 2225 509 2292 :Goelt
524 2250 550 2287 1.
563 2249 590 2288 2.
602 2227 632 2286 6.
642 2249 670 2308 7.
691 2227 787 2286 Senat.
808 2223 918 2286 Fabric.
938 2223 1039 2284 Vinar.
1054 2239 1083 2281 ἰ.
1104 2221 1165 2282 Bae
1188 2245 1212 2282 ι.
1225 2223 1254 2296 d.
1274 2223 1354 2283 Vrat.
1371 2245 1396 2284 1.
1412 2231 1439 2288 3.
1470 2223 1559 2286 lead.
1579 2226 1677 2289 Strnr.
1709 2226 1813 2284 ineert.

414 2353 442 2392 r.
461 2332 547 2392 Rem.
567 2331 670 2391 Frane.
691 2331 790 2391 lleuss.
809 2328 891 2390 leid.
903 2329 923 2387 i.
934 2349 976 2387 m.
997 2327 1088 2400 Mari.
1098 2341 1127 2392 Γ.
1142 2341 1177 2392 Λ.
1209 2328 1293 2388 Bodl.
1321 2329 1389 2412 Teg.
1408 2330 1504 2390 Turia.
1533 2329 1617 2390 Bern.
1636 2328 1666 2394 ὅ,
1687 2339 1715 2390 el
1736 2327 1816 2390 omni

398 2445 497 2516 etrep.
518 2445 547 2496 et
563 2455 624 2495 orn.
640 2433 700 2500 Erl.

496 2559 647 2644 Cap.,73..
662 2560 786 2623 meltum
807 2564 848 2622 ita
868 2565 967 2643 plures
982 2572 1011 2622 et
1027 2563 1161 2622 meliores
1175 2561 1253 2622 libri.
1285 2560 1412 2624 invisunt
1434 2567 1529 2632 ceteri.
1557 2564 1612 2626 sibi
1624 2585 1744 2645 parum.
1764 2564 1816 2624 sibi

411 2687 473 2728 om.
495 2666 620 2728 betur.
640 2667 731 2748 plebes
760 2666 822 2726 Bas.
835 2688 861 2727 1.
892 2667 1002 2728 Fabric.
1018 2687 1044 2726 1.
1072 2668 1169 2728 inca.
1190 2667 1286 2728 Sonat.
1307 2667 1407 2728 Heuss.
1427 2669 1528 2733 Vinar.
1541 2691 1567 2728 ι.
1594 2670 1691 2729 Guell.
1708 2667 1775 2730 nb.
1786 2691 1813 2750 9.

411 2773 513 2832 deteri
513 2774 620 2849 suerat
640 2774 679 2831 ita
690 2774 789 2854 vulgo.
808 2771 928 2848 tedfiu't
947 2771 1060 2835 Fabric.
1081 2771 1188 2831 Sen-r.
1216 2771 1360 2844 lisand.
1379 2771 1468 2834 dead.
1490 2775 1548 2834 inc.
1569 2773 1664 2836 Stmv.
1685 2773 1771 2834 Rem.
1788 2795 1813 2833 ι.
1890 2763 1892 2766 ’

410 2859 508 2936 Guelf.
525 2897 549 2934 r.
563 2894 590 2936 a.
599 2898 629 2957 9.
648 2877 729 2936 leid.
743 2877 773 2935 d.
784 2875 816 2935 b.
830 2874 889 2936 Erl.
910 2876 981 2936 Tur.
1000 2886 1065 2938 erat
1083 2875 1180 2936 Guelf.
1197 2897 1242 2936 ιο.
1264 2899 1359 2960 m.pr.
1379 2878 1500 2940 verbum
1516 2900 1577 2944 orn.
1597 2879 1682 2938 Rem.
1695 2901 1720 2939 1.
1735 2880 1813 2944 Vrat.

410 2980 439 3042 ὅ.
460 2981 581 3041 addidit
599 2979 712 3045 Fabrie.
724 2981 861 3040 *addebat
873 2981 962 3042 tud.
976 2980 1007 3040 d.
1027 2981 1089 3041 bae.
1101 2981 1129 3052 d.
1148 2984 1378 3044 moderabantur
1406 2982 1514 3045 Fabrio.
1527 3004 1553 3043 2.
1583 2983 1682 3043 Guell'.
1700 3003 1727 3043 a.
1741 2984 1771 3043 3.
1787 3005 1814 3065 9.

407 3085 490 3147 leid.
501 3107 530 3167 g.
550 3085 635 3146 bern.
653 3089 681 3149 3.
710 3087 905 3148 moderabant
923 3087 1029 3146 Vinar.
1043 3108 1068 3145 1.
1100 3086 1210 3148 Fabric.
1227 3109 1251 3147 r.
1272 3088 1340 3169 Teg.
1368 3089 1448 3160 mod.
1461 3096 1529 3148 sunl
1554 3087 1634 3148 leid.
1651 3088 1681 3146 d.
1696 3087 1759 3148 th.
1774 3110 1812 3148 m.

408 3191 468 3254 Etl.
489 3191 590 3262 band.
610 3190 680 3249 Tur.
702 3189 820 3267 volgum
839 3190 891 3249 Bas
905 3211 930 3254 1.
951 3188 1040 3250 dead.
1061 3190 1141 3253 Vrat.
1157 3211 1185 3250 2.
1206 3191 1303 3252 Guelf.
1315 3213 1340 3252 2.
1362 3193 1484 3271 mdgum
1496 3193 1638 3274 plerique.
1652 3194 1812 3273 vulgrnee-

409 3296 472 3355 leri.
492 3296 571 3376 volg.
586 3295 716 3354 excitare
734 3295 802 3352 Son.
814 3315 839 3353 1.
859 3294 920 3354 Bas.
932 3316 959 3353 r.
982 3315 1064 3354 reum
1081 3313 1226 3356 accersere
1243 3295 1305 3355 Bas.
1317 3296 1345 3366 l.
1365 3296 1445 3362 Leid.
1458 3299 1478 3356 l'.
1489 3298 1517 3356 k.
1527 3320 1568 3358 m.
1584 3297 1652 3356 Vin.
1666 3320 1692 3357 ι.
1712 3300 1813 3359 Frano.

409 3398 563 3460 Gueltro.
581 3420 626 3458 12.
655 3417 801 3456 accersere
812 3418 846 3455 ex
857 3397 939 3458 Cart.
965 3396 1055 3459 Acad.
1075 3401 1170 3462 Struv.
1200 3401 1295 3465 Senat.
1311 3421 1338 3460 2.
1367 3401 1466 3462 Hense.
1488 3402 1700 3485 Gueltb.4.7.
1718 3425 1811 3485 poena

410 3501 513 3580 eapitis
529 3521 592 3560 aro.
618 3502 702 3564 llam.
718 3522 743 3558 t.
772 3500 869 3560 Guell.
880 3523 909 3581 9.
922 3522 968 3561 ιι.
994 3504 1170 3566 celebravere
1194 3506 1308 3565 Leidl.
1334 3506 1429 3586 plebes
1448 3506 1510 3566 Bas.
1525 3529 1549 3572 ι.
1570 3506 1694 3574 labra.
1718 3508 1811 3570 Guell.

411 3624 439 3666 ι.
453 3605 483 3664 ὅ.
503 3604 599 3663 Senat.
613 3627 638 3663 ι.
659 3605 728 3664 Vin.
744 3625 769 3667 r.
781 3605 1015 3682 frequentabant
1032 3607 1120 3668 Fabr.
1134 3628 1159 3666 ι.
1180 3610 1238 3670 inc.
1253 3631 1281 3670 a.
1306 3610 1390 3670 Rern.
1402 3633 1428 3670 r.
1448 3611 1516 3674 Eoo.
1536 3611 1659 3677 Bern.3.
1689 3613 1810 3674 Manibb

409 3708 553 3776 Mancino
573 3708 700 3785 itasen.
716 3729 740 3773 1.
763 3707 843 3766 Cort.
865 3707 1009 3769 Mancino
1022 3713 1108 3770 etiam
1127 3710 1271 3774 Commel.
1294 3718 1353 3776 Pal.
1365 3738 1391 3798 7.
1409 3715 1515 3782 Franc.
1535 3717 1616 3777 Leid.
1630 3739 1673 3777 m.
1685 3741 1711 3782 c.
1728 3720 1810 3780 aeteri

410 3833 499 3896 quam
526 3815 652 3873 mxime
665 3815 787 3874 variant.
809 3811 859 3870 alii
875 3810 1035 3888 Manena,
1059 3816 1110 3874 alii
1121 3815 1325 3892 Numantino,
1346 3823 1396 3880 alii
1409 3820 1547 3896 Manet‘03
1566 3821 1684 3884 Manlio
1694 3823 1809 3884 Manci-

400 3918 451 3979 b'o
470 3917 532 3977 Bas.
545 3917 628 3977 n-L.
641 3915 755 3976 Manlio
776 3916 860 3974 bern.
873 3937 897 3973 ι.
913 3916 981 3976 vin.
993 3939 1018 3976 1.
1040 3917 1136 3978 Guell.
1150 3921 1248 3998 lstsed
1263 3924 1286 3982 is
1300 3923 1434 3986 Manilio.
1453 3926 1558 3988 Mallio
1575 3927 1714 3990 Maeeino
1733 3927 1808 3988 Leid.

409 4044 437 4084 a.
457 4021 573 4082 Manlio
593 4021 734 4111 Mancino
755 4021 835 4080 Leid.
850 4024 871 4096 l..
893 4021 973 4100 quod
987 4043 1086 4082 verum
1110 4036 1195 4106 puto.
1224 4026 1339 4088 Manlio
1361 4032 1440 4089 enim
1463 4032 1550 4114 longe
1574 4035 1706 4113 plurimi.
1739 4035 1804 4093 item

409 4125 566 4199 Marteine,
581 4128 736 4189 cuituloco
750 4125 883 4218 deterior.
903 4124 1054 4206 Mantino,
1067 4129 1249 4210 optimorum
1264 4131 1408 4194 librorum
1423 4138 1594 4199 auctoritato
1610 4141 1806 4201 confirmatur·
