3850 4867
1497 320 1547 399 49

149 530 245 611 opus
272 522 481 610 antequam
508 502 720 611 aggredior,
755 500 887 607 paucis
906 522 1095 603 exponere
1116 494 1257 602 placet,
1292 494 1479 599 quaeum
1504 492 1546 569 in

147 623 369 698 auctoribus
391 622 533 697 Graecis
555 638 670 725 atque
686 618 830 694 Latinis
853 616 1088 693 illustrandis
1110 612 1376 689 Grammattici
1397 636 1464 687 seu
1489 610 1549 684 inss

150 739 325 843 terpretis
346 755 471 843 partes
496 764 570 813 esse
602 738 827 825 existimem,
852 751 890 811 et
919 733 1016 837 quid
1037 733 1117 837 ipse
1147 732 1189 806 in
1213 729 1374 806 Salustio
1400 726 1549 805 edendo

146 855 403 959 spectaverim
460 854 642 951 Quamvis
675 853 778 927 enim
803 850 865 925 vix
888 850 970 925 lieri
995 875 1099 953 posse
1121 848 1290 937 videtur,
1315 862 1362 920 ut
1391 842 1473 919 haec
1491 866 1551 917 res

147 968 194 1047 in
215 970 529 1075 disceptationem
553 970 875 1073 quaestionemque
897 983 1069 1055 vocetur,
1094 965 1239 1068 quippe
1262 988 1381 1066 quam
1406 962 1447 1034 in
1468 959 1553 1035 vul·
1610 1016 1615 1029 .

146 1111 218 1191 gua
240 1103 373 1163 notam
395 1113 469 1163 esse
494 1086 712 1173 credideris,
738 1102 865 1159 tamen
890 1084 937 1157 de
960 1109 1119 1158 munem
1146 1098 1185 1157 et
1212 1079 1333 1155 officio
1368 1078 1554 1180 interpre-

149 1202 199 1277 tis
220 1219 417 1307 tantopere
435 1203 587 1277 variant
609 1200 772 1305 judicia,
801 1216 945 1276 utnon
965 1200 1135 1274 alienum
1152 1195 1386 1301 putaverim,
1415 1192 1488 1267 hac
1506 1190 1556 1267 de

148 1344 193 1393 re
212 1344 336 1393 meam
355 1319 664 1420 qualemcunque
684 1344 898 1422 proponere
915 1316 1153 1392 sententiam.
1198 1316 1302 1389 Nova
1323 1311 1481 1415 quidem
1499 1324 1558 1382 at·
1626 1316 1631 1325 '

148 1460 228 1537 que
246 1434 419 1508 inaudita
445 1461 506 1509 me
533 1435 667 1509 docere
699 1450 849 1509 tantum
878 1435 1006 1524 abest,
1038 1450 1083 1507 ut
1100 1431 1330 1520 existimem,
1362 1445 1409 1504 ut
1428 1425 1556 1532 potius

148 1550 335 1625 memoria
358 1548 454 1624 mihi
479 1550 682 1654 repetenda
712 1576 786 1625 esse
812 1548 1031 1637 videantur,
1061 1574 1147 1651 quae
1180 1547 1413 1649 antiquiores
1433 1541 1556 1620 critici

147 1666 270 1741 secuti
291 1664 447 1745 fuerint.
486 1668 666 1763 Quorum
688 1666 838 1771 vestigia
863 1666 1035 1768 quamvis
1062 1692 1144 1740 non
1165 1663 1383 1751 defuerunt,
1406 1660 1476 1765 qui
1504 1659 1557 1733 le·
1659 1655 1667 1671 ⁹

149 1798 306 1886 gerent,
340 1783 453 1857 multi
485 1799 611 1882 tamen
646 1783 686 1859 in
712 1784 787 1857 alia
819 1782 947 1857 omnia
972 1781 1161 1857 abierunt
1212 1781 1362 1878 Quibus
1383 1778 1415 1852 si
1436 1800 1561 1851 meam

148 1898 380 1973 sententiam
401 1926 540 2002 parum
552 1899 810 2002 probaverim,
826 1898 908 1973 haec
924 1924 969 1973 eo
980 1897 1140 1972 consilio
1152 1897 1254 1971 dicta
1268 1922 1343 1971 esse
1356 1909 1503 1997 putent,
1514 1904 1561 1965 ut

150 2040 232 2115 quo
244 2014 401 2088 modulo
416 2015 689 2091 metiendisint
701 2016 776 2092 mei
793 2014 1076 2105 commentarii,
1089 2039 1216 2118 aequos
1231 2012 1376 2120 judices
1389 2011 1556 2085 doceam.

234 2282 401 2357 exemplum
419 2282 519 2339 ceteris
537 2284 633 2341 multo
656 2282 808 2361 antiquius
828 2292 857 2341 et
879 2283 948 2340 satis
969 2279 1169 2342 emendatum.
1198 2276 1285 2335 llaud
1311 2278 1396 2335 facile
1420 2276 1500 2334 cuim
1522 2272 1559 2331 de

234 2394 302 2435 vero
320 2385 349 2435 et
362 2377 534 2458 incorrupto
553 2390 708 2438 auetomm
723 2398 857 2439 sermone
875 2377 1022 2457 judicium
1043 2377 1147 2450 facias,
1168 2394 1294 2454 qnorum
1308 2376 1517 2453 proprietatem
1529 2381 1559 2430 et

229 2471 425 2552 integritatem
442 2495 604 2555 expressam
628 2496 689 2533 non
706 2474 821 2533 videris.
854 2475 956 2555 Neque
980 2475 1047 2554 quis
1072 2472 1195 2545 dixerit,
1215 2492 1281 2531 vera
1307 2494 1324 2529 a
1349 2474 1428 2531 salsis
1448 2472 1560 2531 distin-

234 2586 322 2649 guere
330 2610 340 2642 ,
351 2574 505 2650 proprium
523 2574 692 2630 criticorum
709 2592 769 2631 esse
789 2592 897 2631 munus
905 2594 920 2645 3⁴
936 2593 1007 2630 nam
1025 2580 1057 2637 in
1074 2571 1219 2648 scriptura
1235 2572 1382 2643 auctoris,
1398 2572 1450 2651 qui
1465 2574 1562 2631 avul-

236 2665 299 2743 gari
320 2665 464 2743 loquendi
488 2688 542 2727 usu
563 2668 687 2742 recedit,
709 2673 804 2727 multa
823 2668 989 2748 probabilia
1018 2665 1115 2724 dicere
1136 2668 1215 2725 licet.
1246 2667 1315 2725 Non
1338 2671 1479 2751 quaeritur
1499 2691 1563 2750 que

235 2757 332 2819 Graece
351 2764 397 2819 vel
412 2762 515 2822 Latine
536 2764 596 2822 dici
620 2766 753 2843 possint,
774 2764 824 2823 sed
840 2784 973 2846 quaenam
993 2765 1083 2822 lectio
1106 2764 1232 2822 auctoris
1255 2764 1407 2842 cujusdam
1426 2769 1564 2847 proprie·

236 2856 288 2913 tati
309 2858 435 2917 manime
455 2860 641 2940 respondeat.
667 2861 739 2919 Eam
764 2862 815 2919 alii
827 2862 916 2919 aliam
934 2860 993 2919 sibi
1011 2862 1122 2940 fingere
1141 2863 1255 2935 solent,
1277 2862 1358 2940 quod
1373 2864 1494 2943 quidem
1508 2886 1564 2923 ne-

236 2952 298 3011 scio
313 2973 351 3010 an
368 2953 406 3012 ad
425 2959 522 3015 ullum
541 2960 714 3038 scriptorem
736 2959 828 3039 magis
842 2978 932 3037 qnam
954 2956 992 3013 ad
1011 2956 1170 3015 Salustium
1184 2958 1350 3038 pertineat,
1371 2980 1460 3038 quem
1476 2964 1565 3020 multi

237 3047 357 3126 quidem
378 3050 512 3112 admirati
532 3066 601 3112 sunt
610 3094 622 3124 ,
637 3053 686 3113 sed
702 3056 791 3133 pauci
810 3056 1033 3125 intellexerunt3
1051 3066 1185 3134 suspecta
1203 3057 1283 3114 enim
1301 3058 1353 3114 illa
1368 3058 1492 3116 facilitas
1508 3060 1567 3117 lal-

236 3162 283 3202 sos
301 3165 349 3203 eos
371 3144 484 3206 habuit.
508 3148 592 3209 Unde
609 3152 666 3224 fit,
685 3160 736 3224 ut,
759 3152 814 3209 nisi
829 3151 895 3230 quis
910 3147 997 3209 bonis
1017 3150 1111 3209 Codd.
1132 3172 1202 3211 usus
1222 3153 1325 3226 suerit,
1346 3155 1460 3211 acutius
1475 3175 1564 3233 quarn

237 3242 333 3300 verius
359 3242 480 3320 judicet.
526 3246 635 3305 Multas
656 3246 749 3306 Cortii
780 3254 980 3326 conjecturas,
1008 3248 1091 3325 (imo
1118 3250 1211 3327 ipsius
1239 3245 1363 3326 Bentleji
1390 3252 1423 3308 in
1450 3251 1565 3310 Horatii

238 3339 452 3418 carminibus)
474 3344 567 3424 magis
588 3342 749 3403 laudaveris
774 3364 863 3423 quam
890 3344 1066 3423 probareris.
1094 3345 1150 3402 Sed
1172 3366 1239 3404 cum
1261 3349 1362 3404 nullus
1381 3346 1566 3407 Salustiano-

240 3451 308 3491 rum
336 3432 431 3495 Codd.
450 3449 518 3496 ante
538 3438 606 3499 Stre.
622 3463 649 3499 x.
670 3442 796 3521 scriptus
822 3460 879 3499 esse
899 3440 1053 3515 videatur,
1073 3462 1141 3500 cum
1164 3444 1203 3516 ii,
1224 3443 1276 3522 qui
1303 3445 1410 3521 optimi
1426 3465 1485 3503 esse
1508 3466 1569 3525 pu·-

240 3540 356 3605 tantur,
377 3531 613 3596 Guelferbitauus
636 3537 856 3615 Vgllasilecnsis
874 3537 898 3595 Ι.
919 3549 948 3596 et
965 3539 1128 3597 Vaticanus
1148 3560 1173 3598 a.
1198 3540 1285 3617 (nam
1304 3540 1340 3598 de
1360 3540 1522 3602 Nazariano
1538 3554 1567 3601 et

238 3622 447 3687 Commeliano
464 3633 624 3713 ceterisque
648 3636 778 3693 melioris
793 3645 869 3692 notae
886 3634 969 3693 libris
985 3633 1063 3692 nibil
1079 3638 1152 3693 certi
1168 3646 1293 3695 statuere
1312 3636 1396 3715 licet)
1419 3660 1481 3696 non
1492 3662 1568 3719 pau-

241 3722 283 3781 cis
306 3726 472 3785 locisintcr
497 3748 527 3787 se
555 3729 716 3803 dill'crant,
745 3752 799 3791 nec
819 3733 918 3789 minor
940 3733 979 3789 sit
995 3743 1157 3790 ceterorum
1184 3732 1347 3807 librorum,
1366 3738 1419 3813 qui
1439 3740 1568 3816 amplius

240 3830 360 3877 eentum
380 3833 409 3880 et
429 3825 646 3907 quinquaginta
667 3840 876 3901 numerantur,
900 3828 1066 3903 diversitas,
1080 3851 1144 3909 quae
1158 3841 1239 3888 tanta
1259 3832 1314 3888 erit
1330 3833 1425 3890 critici
1444 3835 1569 3912 alicujus

245 3918 405 3995 sagacitas,
426 3922 476 3999 qui
500 3942 554 3979 uos
576 3921 696 3997 doceat,
715 3943 749 3982 ex
767 3945 897 4003 quonam
927 3926 1009 3984 fonte
1032 3937 1113 3983 tanta
1133 3928 1187 3985 ista
1208 3929 1387 3985 variantium
1403 3916 1565 3989 leelionurn

244 4010 357 4095 farrago
381 4014 504 4075 lluxerit.
535 4019 621 4077 Haud
643 4019 733 4079 dubie
752 4023 1013 4101 grammaticorum
1034 4026 1225 4103 antiquorum
1247 4044 1335 4103 prava
1363 4025 1518 4106 diligentia
1537 4041 1567 4087 ct

242 4107 430 4169 librariorum
453 4134 562 4174 errores
583 4119 677 4175 multa
698 4117 875 4189 turbarunt3
896 4118 946 4177 sed
961 4118 994 4177 id
1011 4122 1163 4199 quaritur,
1183 4126 1267 4197 culus
1286 4121 1354 4179 libri
1370 4124 1513 4201 scriptura
1530 4123 1568 4182 ad

1049 4282 1068 4351 7
