3850 4867
1503 330 1572 412 115

161 541 215 596 ae
238 517 493 621 potissumum
522 546 567 594 ea
587 517 728 610 dicam,
752 543 839 622 quae
865 518 908 595 in
930 515 1115 594 concione
1133 531 1220 624 post
1251 515 1419 593 inditum
1444 513 1574 590 Bestiae

159 638 432 721 huiuscemodi
451 633 575 720 verbis
593 644 769 720 disseruit
787 677 795 717 ι

280 768 436 858 „Multa
459 795 520 844 me
541 767 798 844 dehortantur
818 796 841 842 a
867 768 991 858 vobis,
1018 767 1203 864 Quirites,
1229 767 1271 843 ni
1302 765 1475 841 studium
1500 761 1617 840 rei-³¹

161 890 336 994 publicae
358 893 488 968 omnia
508 909 680 997 supeiet:
705 918 796 998 'opes
813 891 1012 982 factionis,
1036 908 1156 968 vestra
1178 891 1385 996 patientia,
1404 890 1463 964 ius
1485 889 1575 964 nul·

163 1014 274 1110 lum3
297 1043 344 1092 nc
363 1043 542 1092 maxume
560 1017 665 1119 quod
685 1016 916 1091 iunocentiae
928 1016 1016 1121 plus
1030 1016 1190 1119 periculi
1206 1043 1324 1120 quam
1340 1013 1496 1089 honoris
1509 1029 1574 1089 est

163 1139 269 1214 Nam
286 1141 353 1216 illa
367 1142 524 1243 quidem
540 1141 644 1245 piget
665 1140 802 1230 dicere,
824 1139 883 1214 his
894 1141 1007 1214 annis
1030 1141 1251 1243 quindecim
1268 1167 1386 1244 quam
1404 1137 1574 1214 ludibrio

165 1261 320 1340 fueritis
342 1265 529 1369 superbiae
559 1291 790 1369 paucorum5
823 1291 940 1368 quam
963 1263 1066 1340 foede
1091 1291 1284 1367 quamque
1311 1263 1427 1338 inulti
1455 1261 1576 1366 perie-

166 1386 255 1462 rint
268 1389 380 1464 vestri
403 1389 630 1484 defensores3
653 1405 700 1463 ut
715 1390 820 1464 vobis
840 1389 991 1465 animus
1013 1388 1061 1462 ab
1089 1389 1236 1493 ignavia
1267 1402 1384 1490 atque
1402 1384 1573 1462 socordia

167 1527 377 1615 conuptus
397 1513 467 1586 sit:
493 1513 565 1616 qui
587 1539 637 1588 ne
657 1540 765 1588 nunc
795 1512 973 1615 quidem,
998 1512 1170 1587 obnoxiis
1200 1511 1381 1602 inimicis,
1411 1509 1576 1614 exsurgi-

168 1634 238 1725 tis,
262 1652 379 1738 atque
396 1637 513 1712 etiam
534 1665 641 1712 nune
665 1638 801 1712 timetis
819 1663 897 1729 eos,
924 1637 1065 1740 quibus
1090 1636 1198 1712 decet
1220 1637 1355 1711 terrori
1381 1661 1463 1711 esse.
1502 1633 1575 1709 Sed

168 1785 412 1864 quamquam
431 1759 514 1837 haec
532 1760 623 1834 talia
645 1778 737 1836 sunt
758 1793 766 1835 :
792 1778 920 1836 tumen
944 1761 1096 1836 obviam
1120 1760 1175 1836 ire
1196 1757 1372 1834 factionis
1395 1759 1576 1863 potentiae

169 1884 326 1960 animus
353 1885 511 1988 subigit,
538 1865 639 1960 certe
664 1912 731 1989 ego
766 1885 1110 1988 libertatemque·
1139 1883 1281 1960 mihia
1309 1899 1467 1988 parente
1491 1910 1576 1960 meo

171 2008 317 2084 tradita
340 1999 419 2098 est,
443 2008 637 2113 experiar:
661 2035 794 2084 verum
825 2008 867 2084 id
900 2007 1041 2083 frustra
1066 2035 1117 2084 an
1152 2009 1201 2083 ob
1230 2033 1311 2083 rem
1336 2008 1498 2098 facium,
1533 2007 1577 2086 in

171 2149 298 2210 vestre
313 2161 434 2208 manu
445 2134 568 2208 situm
587 2150 662 2225 est,
688 2133 865 2230 Quirites.
897 2135 1030 2236 Neque
1045 2151 1112 2237 ego
1133 2158 1197 2207 vos
1214 2131 1367 2225 hortor,
1392 2133 1497 2236 quod
1511 2158 1577 2208 sae·

173 2283 226 2360 pe
243 2257 402 2333 maiores
425 2258 538 2332 vestri
554 2254 692 2346 fecere,
716 2275 763 2332 ut
783 2274 917 2333 contra
940 2257 1101 2334 iniurias
1121 2257 1258 2332 armati
1276 2258 1376 2332 eatis.
1410 2255 1517 2332 Nihil
1528 2255 1579 2348 vi,

174 2379 280 2456 nihil
303 2381 506 2460 secessione
528 2409 622 2487 opus
646 2399 725 2457 est:
751 2407 897 2458 necesse
916 2398 986 2475 est,
1010 2398 1157 2458 suomet
1181 2381 1253 2486 ipsi
1275 2408 1380 2458 more
1405 2381 1578 2487 praecipi-

173 2631 219 2691 sic
232 2635 321 2714 vulgo
336 2631 460 2704 editum,
477 2632 559 2690 etita
572 2632 658 2690 etiam
669 2629 762 2690 Corui
777 2631 920 2690 meliores.
939 2629 1016 2690 Paris
1029 2631 1060 2690 d.
1079 2633 1225 2694 incertum
1239 2652 1278 2692 an
1293 2630 1374 2697 Leid.
1394 2651 1460 2692 eum
1468 2633 1578 2709 dicam,

174 2756 266 2816 qzmm
283 2736 628 2817 Guelf.2.4.9.1o.·11.
647 2757 694 2796 ιι.
714 2736 810 2798 Snus.
828 2736 896 2796 Seu.
909 2756 937 2796 ι.
958 2736 1058 2796 Hense.
1078 2737 1177 2798 Vinar.
1198 2737 1302 2798 Frenc.
1319 2737 1399 2800 Vrat.
1413 2737 1481 2804 ιδ.
1494 2739 1580 2800 Rem.

180 2863 208 2904 1.
230 2842 289 2901 inc.
308 2842 390 2901 Leid.
405 2841 434 2902 b.
448 2864 480 2908 n.
506 2843 592 2906 Puris.
602 2864 629 2908 a.
640 2841 670 2900 b.
683 2863 709 2907 c.
721 2864 746 2906 e.
773 2841 834 2900 Bas.
850 2862 875 2902 ι.
887 2841 917 2914 Δ.
942 2841 1040 2902 Turi'c.
1069 2843 1154 2906 Bem.
1169 2864 1195 2908 1.
1207 2847 1234 2908 ὅ.
1256 2841 1356 2902 dicam
1368 2864 1429 2902 om.
1442 2843 1538 2906 Gueli.
1551 2868 1581 2929 7.

176 2967 238 3023 quc
258 2946 320 3010 Bas.
333 2968 358 3012 1.
381 2969 422 3006 m.
432 2969 478 3029 pr.
1236 2941 1243 2963 ³

185 3179 190 3187 ς
271 3099 344 3183 Cap.
363 3105 411 3163 δι.
432 3101 549 3162 dehort.
569 3121 615 3162 me
633 3102 728 3163 Strui.
748 3103 832 3164 Rem.
847 3125 873 3163 1.
894 3120 940 3163 me
955 3101 1053 3164 Guelf.
1064 3101 1094 3175 4.
1113 3103 1303 3162 interlineas.
1323 3111 1472 3182 superaret
1490 3100 1582 3165 Acuti.

180 3218 241 3275 inc.
261 3233 288 3271 1.
307 3211 375 3270 Ecc-
398 3207 496 3267 Guelf.
511 3229 537 3267 1.
550 3230 578 3289 7.
591 3229 620 3289 9.
640 3207 722 3266 Nam
738 3216 765 3267 et
780 3208 833 3267 illa
850 3207 968 3288 quidem
992 3207 1081 3268 Aced.
1101 3207 1168 3266 Sen.
1184 3227 1210 3266 2.
1232 3207 1332 3272 Heuss.
1362 3227 1475 3286 quoque
1495 3208 1585 3268 mulii

179 3319 244 3377 Bas.
258 3339 284 3376 1.
306 3335 360 3375 nec
373 3333 454 3374 nunc
471 3313 590 3392 quidm
609 3313 660 3372 Ac.
680 3313 776 3374 Struv.
796 3315 895 3375 Vinar.
907 3333 934 3378 ι.
962 3313 1041 3375 Vrat.
1056 3316 1082 3376 3.
1112 3311 1204 3371 Mart.
1217 3323 1246 3376 r·
1260 3322 1294 3377 Λ.
1323 3309 1459 3376 cuent,
1472 3310 1501 3383 4.
1513 3333 1582 3395 7.9.

185 3445 233 3485 ιι.
252 3442 298 3483 ιι.
318 3421 380 3481 Bos
391 3420 421 3492 4.
443 3419 565 3497 obnoxii
582 3421 713 3500 plerique
728 3417 809 3477 Cort.
826 3417 924 3477 Codd.
940 3437 1103 3498 perperam.
1120 3419 1204 3477 itaet
1221 3415 1301 3481 Leid.
1318 3437 1428 3476 omnes.
1449 3416 1583 3480 obnoxiis

180 3529 296 3610 aliquot
307 3525 396 3587 nivii.
416 3525 485 3584 Nat.
506 3524 594 3604 pauci
611 3522 733 3594 Wassii,
759 3524 903 3594 Munatii,
931 3522 1036 3582 Cortii.
1056 3522 1219 3602 mungilis.
1238 3521 1355 3602 surgitis
1374 3521 1436 3582 Bas.
1453 3543 1479 3582 1.
1508 3543 1584 3584 con-
1671 3555 1673 3560 ·
1795 3583 1797 3591 Α

180 3636 302 3719 uergini
319 3635 403 3696 Rem.
418 3655 445 3693 1.
466 3617 615 3712 insurgitis
633 3631 702 3690 vin.
715 3649 742 3688 ι.
762 3629 842 3690 Vrat.
854 3647 884 3688 ι.
905 3627 1005 3706 quibus
1016 3647 1067 3688 vos
1080 3628 1171 3692 decet.
1190 3645 1312 3692 vosom.
1333 3647 1435 3689 omnes
1448 3627 1506 3689 sere
1518 3650 1584 3690 me·

182 3745 270 3804 liores
285 3741 363 3801 libii.
384 3737 448 3821 quis
457 3738 524 3797 Seu.
539 3758 564 3795 ι.
586 3757 626 3793 ιιι.
638 3755 683 3815 pr.
704 3731 778 3792 talia
793 3732 858 3791 hec
871 3730 931 3792 sint
950 3729 1035 3793 Febr.
1054 3731 1122 3815 Teg.
1142 3730 1211 3791 Tur.
1232 3732 1296 3792 hoec
1307 3731 1348 3792 iia
1358 3731 1418 3792 sint
1439 3733 1535 3795 Gueli.
1550 3729 1582 3817 9'.

182 3850 242 3910 sini
259 3847 348 3906 etiam
363 3845 458 3905 Strui.
478 3842 545 3901 Seu.
562 3863 586 3905 1.
607 3841 709 3899 Frons.
731 3839 832 3898 insert.
845 3859 870 3895 ι.
896 3836 959 3896 Bas.
971 3837 1000 3908 4.
1025 3836 1110 3897 Bem.
1123 3858 1148 3906 ι,
1169 3837 1278 3917 coegit
1302 3837 1384 3903 tud.
1397 3861 1425 3900 c.
1441 3841 1462 3904 ί
1476 3862 1518 3900 m.
1539 3841 1583 3900 irs

183 3952 300 4030 ρὸνιὶυιι
319 3947 403 4012 Febr.
422 3947 485 4007 Bas.
497 3968 522 4006 1.
542 3946 611 4029 Teg.
631 3944 701 4005 Tur.
720 3943 808 4003 situm
820 3951 870 4002 est.
890 3950 931 4002 est
942 3961 1005 4001 om.
1022 3939 1104 4003 Fabr.
1114 3962 1142 4002 ι.
1160 3941 1248 4002 situm
1262 3962 1323 4001 om.
1340 3943 1435 4008 Struv.
1463 3965 1516 4026 ego
1530 3963 1584 4008 vus

184 4060 300 4122 hortor.
320 4075 374 4134 ego
389 4074 451 4117 om.
465 4051 561 4116 Guels.
574 4072 620 4111 ιο.
639 4051 709 4113 vin.
722 4070 749 4111 ι.
767 4069 820 4109 vos
834 4067 895 4107 om.
906 4045 1003 4106 Gnels.
1018 4044 1046 4107 3.
1064 4067 1111 4106 12.
1131 4047 1257 4107 maiores
1275 4050 1371 4110 nostri
1388 4050 1500 4112 Febris.
1520 4049 1583 4111 Bes.

188 4164 262 4236 14.
283 4161 420 4231 GuelM.
440 4159 593 4243 aliiqueex
609 4156 691 4217 Cort.
710 4154 792 4216 Leid.
803 4152 835 4213 b.
846 4173 872 4214 c.
886 4151 982 4214 usi.
1007 4152 1049 4216 ite
1065 4161 1094 4212 et
1106 4149 1183 4214 mvii
1200 4152 1278 4214 libri.
1306 4174 1376 4234 opus
1391 4165 1443 4218 est.
1463 4165 1507 4226 est¹
1521 4177 1582 4217 om.
