3850 4867
387 314 450 364 vm

388 466 559 573 primum
573 466 614 541 in
624 466 699 543 hoc
712 466 881 543 multum
895 464 1013 541 studii
1023 466 1223 555 consumsi,
1236 482 1281 539 ut
1293 464 1438 567 ubique
1450 463 1616 567 genuina
1624 463 1794 537 auctoris
1894 553 1895 580 χ

387 592 518 680 verba,
539 590 659 667 nimio
684 587 915 665 emendandi
927 588 1054 665 studio
1066 588 1208 677 deleta,
1225 587 1470 663 restituerem
1496 586 1612 683 Quod
1624 586 1728 663 enim
1752 588 1796 660 in
1894 649 1895 656 ,

388 712 528 791 caeteris
549 713 694 789 artibus
717 712 911 816 literisque
923 728 1055 815 optare
1068 712 1248 801 solemus,
1273 726 1319 784 ut
1334 709 1431 812 quid
1445 709 1596 811 antiqui
1608 709 1730 783 critici
1745 708 1796 783 de

389 837 432 911 iis
446 835 665 925 statuerint,
684 837 794 911 nobis
807 852 1046 939 compertum
1055 834 1121 927 sit;
1133 834 1173 909 id
1187 832 1312 909 nescio
1322 890 1331 923 ,
1342 861 1394 907 an
1404 832 1566 908 Salustio
1577 832 1797 935 plurimum

388 958 521 1035 damni
543 959 724 1035 attulerit
759 962 858 1035 Cum
871 958 976 1035 enim
987 957 1068 1031 lieri
1084 983 1164 1031 nou
1179 972 1320 1059 posset,
1337 956 1434 1057 quin
1446 955 1715 1043 Grammatioi,
1728 958 1797 1031 Sa-

388 1082 598 1158 lustianum
611 1082 765 1193 dicendi
777 1108 911 1187 genus,
924 1110 944 1156 a
958 1082 1106 1186 vulgari
1123 1080 1307 1183 loquendi
1324 1078 1599 1155 consuetudine
1612 1078 1798 1200 alieniss‘p

387 1234 514 1299 mum,
539 1205 674 1309 saepius
696 1221 898 1297 notarent,
923 1232 1014 1281 cum
1036 1204 1111 1278 alia
1134 1203 1273 1293 multa,
1292 1218 1376 1277 tum
1391 1202 1584 1278 brevitatis
1602 1229 1690 1278 eum
1713 1220 1797 1277 stu-

387 1330 641 1406 diosissimum
669 1328 780 1403 fuisse
808 1328 1040 1403 iudicarunt
1084 1326 1131 1401 Id
1154 1326 1259 1429 quod
1288 1327 1537 1429 arripuerunt
1568 1326 1797 1402 recentior&

389 1452 630 1557 interpretes,
656 1466 771 1555 atque
793 1450 868 1525 hoo
890 1478 1031 1537 unum,
1057 1465 1243 1553 tanquam
1264 1450 1398 1527 iudicii
1416 1476 1592 1525 normam
1608 1450 1794 1553 amplexi,

389 1576 537 1652 urendo
559 1592 674 1677 atque
691 1572 853 1649 secando
874 1573 1043 1676 priscum
1059 1572 1282 1647 Salustianae
1301 1573 1482 1649 orationis
1504 1574 1668 1649 nitorem
1687 1572 1796 1648 resti-

390 1716 495 1774 tuere
519 1699 591 1772 sibi
610 1697 678 1772 risi
699 1713 799 1771 sunt.
833 1696 977 1771 Multos
999 1696 1172 1800 quidem,
1197 1713 1235 1770 et
1251 1697 1438 1801 imprimis
1461 1697 1688 1785 Gruterum,
1711 1724 1796 1771 non

389 1822 504 1924 sugit,
528 1823 662 1923 saepius
687 1819 795 1893 aliud
821 1819 1029 1921 quicquam
1051 1846 1170 1921 quam
1196 1820 1418 1895 brevitatem
1452 1836 1647 1894 auctorem
1671 1817 1795 1894 videri

353 1942 357 1949 ’
389 1970 463 2019 esse
479 1960 672 2047 secutum,
698 1942 833 2038 (verba
851 1944 955 2017 enim
969 1943 1085 2045 magis
1100 1942 1149 2024 ad
1172 1943 1443 2045 compendium
1462 1942 1654 2031 conferre,
1674 1968 1796 2044 quam

388 2066 571 2141 Salustius
590 2064 697 2153 fecit,
722 2062 831 2138 haud
851 2064 903 2137 ita
922 2064 1052 2167 magni
1072 2080 1127 2137 est
1145 2063 1308 2167 negotii)
1326 2096 1336 2157 ;
1357 2064 1399 2139 id
1421 2091 1508 2140 vero
1528 2063 1692 2139 aliorum
1713 2090 1796 2137 ma-

388 2190 564 2291 ximeque
583 2186 702 2262 Cortii
723 2186 924 2261 audaciam
942 2213 1023 2260 non
1045 2188 1238 2289 repressit,
1254 2188 1351 2289 quin
1374 2174 1497 2260 multa
1518 2186 1694 2262 licentius
1724 2213 1796 2259 au-

391 2312 536 2389 der-ent.
554 2310 625 2411 ¹Ille
635 2308 757 2396 euim,
783 2307 957 2383 omnium
974 2309 1127 2383 Salustii
1141 2309 1395 2412 interpretum
1406 2326 1444 2384 et
1458 2309 1601 2413 ingenii
1616 2308 1797 2383 acumine

389 2452 427 2511 et
460 2433 676 2510 eruditione
701 2430 812 2505 facile
838 2432 1035 2534 princeps,
1060 2431 1129 2533 qui
1150 2457 1251 2506 unus
1270 2428 1365 2507 huic
1389 2432 1536 2508 auctori
1568 2431 1655 2536 plus
1679 2431 1796 2506 lumi-

390 2556 450 2631 nis
472 2555 603 2629 attulit
636 2581 754 2657 quam
773 2554 886 2629 ceteri
905 2580 1050 2643 omues,
1074 2554 1183 2629 haud
1198 2580 1303 2643 raro,
1325 2554 1455 2629 furore
1480 2555 1648 2657 quodam
1667 2581 1804 2630 emen-1

393 2678 513 2754 dandi
525 2679 728 2781 abreptus,
751 2691 884 2751 contra
898 2677 1134 2779 optimorum
1148 2676 1321 2751 codicum
1331 2678 1616 2769 auctoritatem,
1638 2678 1797 2752 bonaeet

391 2803 545 2877 sincerae
565 2800 756 2907 vetustatis
772 2799 885 2875 verba
906 2814 1086 2901 corrupta
1102 2796 1259 2888 habuit,
1285 2800 1326 2874 in
1342 2799 1623 2875 dubitationem
1639 2801 1796 2891 vocavit,

392 2924 537 3000 delevit
562 2922 821 2998 Nihilominus
841 2937 969 2996 tamen
987 2923 1211 2995 recentiores
1228 2921 1466 3025 interpretes,
1487 2924 1518 2996 si
1535 2925 1701 3026 apaucis
1719 2924 1796 3000 dis-

392 3047 565 3135 cesseris,
599 3046 727 3121 omnia
751 3044 855 3120 illius
884 3044 1057 3133 iuventa,
1083 3060 1269 3147 tanquam
1298 3074 1344 3121 ex
1363 3046 1550 3149 Apollinis
1577 3076 1642 3122 ora
1667 3049 1795 3137 missa,

392 3172 554 3247 retinere
585 3186 622 3244 et
648 3168 846 3271 saepissime
863 3166 1098 3270 optimorum
1117 3166 1302 3242 Codicum
1325 3170 1590 3245 auctoritatem
1610 3171 1799 3246 deserere,

392 3320 509 3395 quam
535 3290 653 3367 Cortii
683 3282 918 3365 coniecturas
950 3288 1164 3364 accuratius
1190 3290 1407 3365 examinare
1439 3292 1667 3368 maluerunt
1707 3296 1792 3368 Hoc

345 3419 352 3433 '
392 3416 497 3490 enim
521 3414 582 3502 fit,
617 3428 662 3488 ut
684 3439 773 3486 cum
802 3413 887 3514 quis
909 3409 1109 3485 excellenti
1134 3411 1288 3515 ingenio
1310 3436 1400 3489 voce
1430 3417 1636 3518 praeiverit,
1660 3417 1797 3509 ceteri,

394 3538 491 3612 alius
511 3536 631 3610 alium
649 3552 834 3635 tanquam
847 3532 1136 3637 prudentiorem
1147 3534 1282 3622 secuti,
1306 3537 1349 3611 in
1360 3536 1465 3612 illius
1480 3541 1612 3626 verba,
1637 3556 1795 3615 utsum-

394 3660 449 3733 mi
463 3658 643 3763 magistri,
673 3659 798 3731 iurare
820 3683 900 3732 non
914 3656 1103 3732 dubitent
1140 3657 1269 3753 Quare
1288 3658 1347 3732 rel
1370 3677 1498 3762 aperte
1513 3660 1604 3734 salsa
1619 3676 1795 3736 consten-

397 3798 453 3858 ter
474 3781 674 3856 retinendo
705 3796 859 3854 tantum
887 3777 1122 3855 auctoritatis
1152 3778 1198 3854 iis
1215 3778 1442 3871 adstruunt,
1464 3798 1511 3856 ut
1538 3784 1606 3884 qui
1634 3785 1795 3887 antiqua

395 3919 434 3978 et
466 3904 633 4007 genuina
664 3901 892 3992 restituerit,
926 3901 1147 3978 temerarius
1178 3900 1336 3977 dicatur.
1386 3906 1519 3979 Tantae
1544 3908 1796 4009 interpretum

397 4026 541 4103 levitati
571 4042 686 4129 atque
707 4024 1037 4101 inconsiderantiae
1059 4040 1105 4131 ut
1132 4024 1282 4100 obviam
1308 4027 1420 4118 irem,
1446 4028 1624 4104 lectiones
1645 4029 1794 4105 varian-

398 4164 472 4240 tes,
510 4175 558 4225 ex
578 4146 762 4253 plurimis.
775 4147 991 4241 codicibus,
1032 4164 1100 4225 aut
1120 4148 1169 4224 ab
1190 4149 1274 4225 aliis
1295 4166 1408 4227 autc
1436 4178 1497 4227 me
1520 4153 1600 4256 ipso
1626 4152 1792 4243 collatis,
