3850 4867
1496 323 1543 420 lt

145 539 204 614 to,
229 523 272 598 in
295 523 362 596 tali
386 523 557 628 periculo
583 544 679 623 opus
700 544 796 610 esse;
818 543 950 619 seque,
981 516 1013 589 si
1043 512 1156 616 pauci
1187 510 1428 596 adiuvarent,
1463 503 1548 577 lan·

144 647 350 752 guentibus
370 647 472 737 aliis,
498 648 683 749 impetum
705 643 746 716 in
767 641 914 716 curiam
933 639 1135 713 facturum.
1174 636 1318 710 Natura
1338 632 1462 719 ferox,
1486 653 1549 717 re·

147 769 321 861 hemens,
337 798 458 845 manu
471 785 668 873 promptus
682 783 780 860 erat3
805 791 1029 839 maxumum
1044 763 1192 837 bonum
1206 759 1247 834 in
1267 757 1459 834 celeritate
1476 778 1550 858 pu·

147 896 263 970 tabat
300 894 373 969 Sed
394 894 611 997 Allobroges
631 919 677 966 ex
703 907 890 994 praecepto
911 887 1103 964 Ciceronis
1123 914 1191 992 per
1214 883 1428 960 Gabinium
1453 866 1600 957 cete-⁴⁴

145 1045 209 1096 ros
228 1019 482 1112 conveniunt3
507 1019 555 1092 ab
574 1015 748 1106 Lentulo,
773 1013 954 1119 Cethego,
972 1011 1136 1103 Statilio,
1167 1011 1257 1085 item
1278 1007 1401 1084 Cassio
1422 1017 1554 1108 postu·

146 1143 235 1216 lant
256 1143 542 1233 iusiurandum,
565 1141 670 1245 quod
685 1127 883 1245 signatum
896 1139 945 1214 ad
961 1139 1055 1215 ciris
1067 1135 1283 1242 perferant:
1308 1131 1419 1206 aliter
1446 1126 1553 1202 haud

148 1265 264 1342 facile
291 1293 351 1342 eos
375 1267 425 1342 ad
449 1282 601 1341 tantum
623 1267 818 1370 negotium
840 1263 986 1366 impelli
1011 1287 1125 1367 posse.
1165 1259 1288 1336 Ceteri
1311 1255 1413 1333 nihil
1433 1251 1554 1362 suspi-

148 1406 280 1465 cantes
298 1390 414 1464 dant:
440 1390 584 1465 Cassius
606 1407 723 1464 semet
736 1417 778 1464 eo
795 1389 898 1462 breti
915 1403 1123 1462 venturum
1143 1384 1367 1490 pollicetur,
1384 1406 1428 1455 ac
1444 1377 1557 1483 paul-
1652 1443 1657 1454 .

149 1515 191 1590 lo
213 1530 302 1589 ante
326 1514 463 1616 legatos
486 1541 530 1588 ex
559 1514 653 1588 urbe
682 1511 941 1618 proficiscitur.
987 1512 1173 1586 Lentulus
1201 1534 1292 1582 cum
1316 1504 1377 1580 bis
1397 1507 1438 1577 T.
1463 1501 1558 1576 Vol-

151 1638 323 1712 turcium
337 1637 542 1738 quemdam
558 1639 842 1712 Crotoniensem
854 1631 991 1725 mittit3
1006 1651 1052 1709 ut
1062 1633 1280 1739 Allobroges
1297 1630 1425 1736 prius,
1438 1653 1557 1731 quam

151 1763 313 1838 domum
329 1777 544 1864 pergerent,
570 1788 658 1835 cum
680 1761 863 1852 Catilina,
896 1763 985 1837 dota
1007 1776 1123 1862 atque
1147 1773 1301 1861 accepta
1329 1755 1419 1844 fide,
1442 1751 1561 1828 socie-

154 1902 273 1960 tatem
291 1884 571 1960 confirmarent
609 1889 692 1990 Ipse
711 1886 911 1960 Volturcio
929 1886 1054 1959 literas
1072 1884 1122 1959 ad
1137 1882 1344 1960 Catilinam
1357 1879 1443 1972 dat,
1463 1901 1561 1980 qua-

153 2037 245 2084 rum
269 2011 485 2114 exemplum
506 2007 606 2084 infra
625 2009 811 2114 scriptum
829 2027 891 2108 est.
924 2009 1032 2107 „Qui
1046 2009 1135 2099 sim,
1161 2034 1206 2083 ex
1227 2033 1292 2097 eo,
1317 2029 1433 2108 quem
1455 2000 1504 2075 ad
1522 2016 1562 2074 te

153 2135 259 2223 misi,
283 2161 487 2240 cognosces.
518 2137 594 2208 Fac
611 2135 772 2238 cogites,
798 2136 838 2208 in
867 2151 1014 2236 quanta
1041 2133 1256 2209 calamitate
1279 2131 1347 2220 sis,
1369 2144 1408 2202 et
1426 2124 1559 2204 memi·
1663 2133 1666 2138 ’

153 2259 258 2334 neris
278 2273 315 2332 te
332 2259 460 2335 virum
483 2285 578 2351 esse;
602 2259 828 2349 consideres,
853 2259 949 2361 quid
969 2275 1045 2331 tuae
1064 2259 1228 2332 rationes
1246 2253 1465 2359 postulent:
1491 2275 1560 2324 au-

154 2381 296 2456 xilium
322 2401 425 2487 petas
448 2384 497 2456 ab
528 2379 733 2473 omnibus,
749 2384 865 2458 etiam
887 2383 937 2456 ab
958 2381 1108 2455 infimis.
1121 2386 1137 2418 '’
1180 2380 1241 2454 Ad
1277 2377 1352 2452 hoc
1378 2374 1561 2451 mandata

158 2507 284 2581 verbis
309 2506 403 2582 det:
439 2507 605 2602 „Quum
625 2507 673 2580 ab
694 2508 836 2580 Senatu
863 2503 981 2579 hostis
1004 2505 1192 2579 iudicatus
1216 2506 1283 2594 sit,
1307 2529 1385 2608 quo
1405 2497 1565 2576 consilio

156 2631 309 2709 servitia
328 2631 527 2736 repudiet?
552 2631 593 2704 in
619 2631 714 2705 urbe
734 2647 867 2735 parata
887 2657 989 2721 esse,
1018 2657 1103 2734 qua:
1126 2631 1299 2706 iusserit:
1333 2654 1382 2702 ne
1408 2640 1564 2702 cuncte-

166 2875 194 2914 ι.
215 2853 265 2914 Aa.
285 2855 380 2917 Stmr.
402 2855 502 2919 inea.
523 2853 650 2914 Remi.
672 2853 741 2916 Vin.
759 2875 784 2918 r.
806 2853 903 2912 Guell.
923 2873 969 2913 ιο.
989 2875 1034 2913 12.
1055 2852 1124 2937 leg.
1146 2853 1208 2913 Bas.
1221 2853 1250 2925 4.
1271 2851 1356 2912 Beni.
1375 2872 1399 2910 1.
1426 2856 1568 2928 ceterosq.

162 2960 240 3035 quib.
262 2981 316 3038 que
331 2961 415 3019 omis.
438 2959 534 3018 Guell.
547 2959 575 3019 3.
596 2960 657 3018 Bas.
673 2981 699 3020 2.
721 2980 786 3018 eom
806 2958 840 3018 vi
857 2961 1082 3040 adgrederetur.
1101 2961 1160 3020 inc.
1173 2979 1199 3017 a.
1221 2978 1258 3018 ee
1275 2957 1343 3016 nob.
1364 2974 1477 3035 magna
1493 2971 1566 3033 pars

162 3075 237 3124 erat.
257 3051 328 3124 Fab.
339 3073 433 3144 uterq.
453 3064 522 3126 vin.
536 3085 560 3122 ι.
581 3064 679 3128 Guels.
690 3065 718 3123 8.
732 3063 789 3122 Erl.
810 3074 883 3123 erat.
904 3065 1004 3123 omisit
1022 3063 1092 3124 Tur.
1111 3086 1137 3124 1.
1158 3064 1242 3124 Bern.
1260 3083 1285 3122 ι.
1298 3083 1326 3122 2.
1344 3059 1484 3142 percussis
1499 3077 1568 3118 om-

162 3169 258 3246 uibus.
277 3172 337 3230 inc.
349 3191 377 3232 2.
399 3168 498 3228 Guell.
512 3190 557 3228 10.
577 3169 685 3233 Sena.
706 3170 802 3230 Strur.
822 3169 948 3235 sema.
966 3169 1104 3250 percusis.
1125 3169 1222 3236 Guelf.
1235 3171 1263 3229 6.
1279 3171 1308 3229 8.
1320 3170 1570 3245 saetonoucon-

161 3273 251 3338 sullu.
271 3273 368 3334 Guels.
383 3293 410 3332 t.
429 3273 629 3355 t'in.1.Teg.
650 3295 690 3332 m.
703 3295 759 3333 sec.
778 3285 929 3354 promptus
942 3283 1016 3336 erat.
1036 3295 1139 3333 omues
1153 3273 1234 3333 libri.
1249 3283 1364 3355 putere.
1384 3271 1468 3333 bern.
1485 3290 1510 3333 ι.

229 3399 367 3484 Gapll.
398 3401 475 3460 nihil
492 3401 567 3460 malt'
583 3422 657 3481 susp.
679 3403 737 3460 inc.
754 3421 780 3460 2.
801 3401 892 3462 Acad.
912 3424 953 3462 m.
968 3422 1015 3484 pr.
1046 3403 1250 3469 albeumul.
1282 3403 1407 3467 Leid.e.
1436 3421 1505 3460 cum
1522 3399 1571 3460 itis

166 3510 251 3569 omis.
272 3507 369 3567 Guell.
381 3508 409 3567 5.
419 3528 449 3588 9.
481 3505 510 3565 V
509 3506 676 3566 olturcirtm.
697 3509 736 3565 ita
755 3507 886 3565 meliores
901 3507 979 3566 libri.
1000 3517 1033 3566 ut
1046 3507 1145 3568 Altos.
1163 3509 1225 3568 Bas.
1238 3529 1263 3566 ι.
1277 3528 1308 3567 2.
1318 3508 1347 3580 4.
1367 3507 1438 3567 Tur.
1452 3529 1479 3568 t.
1499 3527 1569 3568 om·

166 3611 308 3673 nesleid.
329 3611 407 3672 Edit.
422 3610 537 3675 Gruter.
549 3621 579 3670 et
590 3612 682 3671 Wass.
712 3621 798 3688 atque
813 3629 876 3669 occ.
905 3609 965 3676 Erl.
992 3611 1055 3674 Bas.
1073 3633 1098 3676 r.
1115 3613 1186 3684 ul.
1209 3613 1294 3673 Bem.
1317 3634 1345 3672 t.
1363 3613 1433 3674 nl.
1468 3631 1573 3673 omues

168 3717 251 3778 beid.
271 3716 349 3781 Edit.
367 3715 485 3777 Gmtcr.
500 3723 529 3775 et
545 3717 637 3776 Wass.
665 3715 805 3794 serrptum
823 3723 884 3774 est.-
904 3724 969 3774 erat
989 3717 1086 3776 Guelf.
1098 3716 1127 3777 3.
1148 3717 1201 3796 qui
1215 3717 1272 3778 sim
1291 3720 1350 3783 inc.
1365 3740 1391 3784 1.
1412 3717 1527 3779 Fabric.
1541 3739 1572 3782 a.

167 3823 266 3886 Strur.
284 3819 346 3881 Bas.
361 3839 388 3884 t.
406 3817 435 3882 3.
456 3821 525 3879 Son.
543 3829 664 3902 uterque
684 3819 783 3884 Heuss.
812 3819 881 3879 vin.
905 3839 931 3878 r.
951 3819 1035 3884 Leid.
1046 3823 1066 3882 i.
1082 3825 1106 3882 l.
1122 3826 1221 3903 plures
1240 3820 1378 3885 Glareaui
1401 3835 1431 3885 et
1448 3826 1572 3888 Palatini

169 3928 337 4008 complures
367 3945 408 3984 m.
422 3945 470 4006 pr,
488 3922 561 3986 Tur.
577 3945 605 3983 ι.
625 3946 665 3982 m.
677 3945 726 4004 pr.
742 3923 812 3983 Tur.
828 3944 854 3982 a.
875 3932 904 3982 te
915 3942 972 3982 esse
991 3924 1099 3984 virum.
1120 3927 1207 3988 Febr.
1218 3940 1315 4010 uterq.
1343 3931 1439 3992 Str-ar.
1459 3930 1528 3990 vin.
1542 3951 1570 3990 a.

170 4029 241 4092 Boc.
260 4029 319 4090 Erl.
339 4027 408 4112 Τις.
429 4048 506 4088 unus
519 4027 604 4087 Paris.
625 4037 653 4088 te
674 4028 773 4088 virum
795 4047 852 4088 esse
871 4030 967 4094 ceteri.
988 4031 1030 4094 ad
1049 4031 1115 4090 tae
1134 4043 1229 4112 uterq.
1248 4034 1306 4094 ine.
1327 4033 1411 4094 Rem.
1431 4034 1572 4106 lima.

170 4138 224 4198 te.
245 4133 342 4194 Gncll.
357 4134 386 4194 8.
406 4133 526 4193 Leid.e.
541 4129 573 4194 b.
600 4133 818 4212 omniaporata
836 4152 893 4195 esse
912 4135 997 4196 Rem.
1016 4157 1041 4195 ι.
1060 4137 1155 4200 strar.
1177 4137 1275 4203 Guelf.
1288 4143 1318 4212 4.
1335 4163 1363 4223 7.
1391 4145 1497 4205 ommis
1514 4147 1575 4208 ,d-

171 4240 250 4301 dunt
268 4249 297 4308 et
309 4237 389 4298 Leid.
404 4235 436 4298 b.
450 4256 482 4298 n.
502 4235 573 4298 Tur.
589 4257 616 4297 a.
635 4237 686 4300 sed
700 4241 760 4298 alio
772 4241 850 4300 loeo.
870 4257 939 4312 esse.
958 4242 1043 4300 omis.
1062 4241 1161 4302 Hense.
1181 4243 1290 4305 Sena.
