3850 4867
376 478 591 558 societatem
612 481 731 560 belli:
755 481 985 559 existumans
1005 483 1160 589 publice
1182 485 1437 589 privatimque
1458 511 1532 561 aere
1557 485 1684 560 alieno
1705 511 1776 588 op·
1891 520 1892 539 ι

377 628 535 705 pressos,
559 623 756 709 pactores,
780 605 886 707 quod
901 623 1041 682 natura
1058 634 1148 712 gens
1161 608 1312 684 Gallica
1330 609 1507 684 bellicosa
1527 626 1637 700 esset,
1661 607 1774 682 facile

377 751 438 804 eos
455 726 506 802 ad
527 729 602 804 taio
622 729 826 804 consilium
848 729 988 804 adduci
1017 758 1131 834 posse.
1183 734 1415 823 Umbrenus,
1439 731 1546 835 quod
1575 733 1617 805 in
1645 731 1774 806 Gallia

378 851 590 954 negotiatus
620 869 720 943 erat,
751 853 941 957 plerisque
968 854 1209 958 principibus
1235 856 1448 932 civitatium
1471 872 1586 930 notus
1609 871 1691 930 erat
1718 871 1776 926 at-

378 998 455 1074 que
476 999 537 1048 eos
558 991 734 1050 noverat:
759 976 888 1079 itaque
912 977 994 1052 sine
1018 1005 1143 1068 mora,
1167 978 1236 1054 ubi
1262 979 1432 1083 primum
1459 978 1600 1082 legatos
1631 978 1673 1050 in
1693 976 1777 1050 soro

379 1096 581 1201 conspexit,
596 1115 863 1202 percunctatus
876 1125 999 1204 pauca
1012 1101 1060 1176 de
1074 1119 1175 1177 statu
1186 1101 1363 1191 civitatis,
1375 1119 1414 1176 et
1429 1103 1538 1204 quasi
1550 1100 1683 1175 dolens
1696 1099 1777 1176 eius

379 1247 509 1296 casum
519 1222 713 1326 requirere
729 1223 865 1327 coepit,
879 1251 995 1326 quem
1012 1225 1157 1300 exitum
1179 1226 1293 1300 tantis
1306 1225 1415 1300 malis
1427 1229 1647 1329 sperarent?
1672 1229 1777 1299 Post-

381 1371 499 1470 quam
520 1345 603 1420 illos
628 1346 731 1421 videt
747 1347 856 1448 queri
881 1347 928 1422 de
954 1349 1111 1423 avaritia
1133 1350 1439 1454 magistratuum,
1465 1375 1642 1423 accusare
1662 1349 1776 1422 Sena-

383 1484 487 1558 tum,
509 1467 614 1569 quod
637 1469 678 1543 in
700 1495 745 1544 eo
760 1470 894 1545 auxilii
919 1469 1020 1545 nihil
1038 1488 1147 1566 esset3
1170 1471 1328 1548 miseriis
1346 1472 1423 1547 suis
1443 1471 1656 1546 remedium
1675 1499 1776 1545 mor-

384 1607 461 1666 tem
480 1607 712 1694 exspectare:
737 1598 817 1684 „At
834 1621 918 1698 ago,
946 1595 1087 1698 inquit,
1108 1596 1238 1686 vobis,
1261 1596 1292 1670 si
1317 1595 1431 1670 modo
1449 1595 1521 1669 viri
1543 1620 1619 1669 esse
1643 1595 1779 1672 voltis,
1891 1694 1892 1697 Ἴ

385 1714 571 1790 rationem
588 1717 808 1806 ostendam
827 1745 904 1820 qua
928 1735 1033 1792 tanta
1060 1719 1128 1793 ista
1150 1719 1251 1793 maia
1270 1717 1488 1821 effligiatis.”
1521 1719 1613 1792 Haec
1635 1718 1704 1792 ubi
1719 1717 1779 1792 ‹li-

385 1840 459 1928 xit,
476 1839 694 1944 Allobroges
716 1840 757 1916 in
777 1867 996 1916 maxumam
1012 1869 1118 1945 spem
1136 1843 1311 1933 adducti,
1335 1843 1575 1917 Umbrenum
1587 1869 1713 1932 orare,
1738 1859 1784 1916 ut
1891 1886 1892 1933 3

385 1964 444 2044 sui
459 1965 717 2040 misereretur:
735 1962 834 2038 nihil
859 1981 936 2039 tam
955 1991 1130 2070 asperum
1147 1993 1273 2069 neque
1292 1982 1371 2041 tam
1393 1963 1545 2041 difficile
1564 1991 1658 2056 esse,
1673 1965 1778 2067 quod

388 2115 468 2163 non
489 2087 744 2192 cupidissume
766 2087 907 2164 facturi
928 2105 1068 2180 essent,
1091 2089 1186 2164 dum
1202 2117 1245 2164 ea
1268 2115 1325 2164 res
1351 2088 1542 2165 civitatem
1564 2114 1639 2162 aere
1656 2089 1781 2162 alieno
1891 2088 1892 2103 ¹

389 2213 574 2290 liberaret.
614 2211 683 2286 llle
702 2237 766 2288 eos.
785 2211 827 2286 in
852 2211 1011 2288 domum
1034 2215 1081 2286 D.
1106 2213 1212 2288 Bruti
1240 2211 1439 2318 perducit3
1462 2211 1569 2314 quod
1587 2212 1673 2286 foro
1696 2240 1783 2316 pro·
1891 2264 1892 2285 .

390 2337 536 2440 pinque
570 2351 652 2412 erat
684 2363 810 2437 neque
839 2335 963 2410 aliena
999 2335 1165 2426 consilii,
1198 2351 1355 2439 propter
1381 2335 1668 2440 Semproniam:
1690 2363 1781 2410 nam

354 2469 356 2474 ’
392 2477 475 2536 tum
494 2463 632 2533 Brutus
655 2459 704 2534 ab
725 2461 841 2534 Roma
871 2460 1009 2533 aberat
1050 2463 1231 2534 Praeterea
1256 2459 1469 2534 Gabinium
1500 2459 1676 2549 accersit,
1708 2487 1785 2564 quo

391 2582 514 2658 maior
534 2582 736 2659 auctoritas
760 2582 923 2658 sermoni
943 2582 1102 2658 inesset:
1125 2609 1170 2658 eo
1181 2598 1364 2685 praesente
1378 2582 1685 2658 coniurationem
1701 2611 1787 2688 ape

382 2787 484 2868 ,tiana
504 2799 590 2848 erat.-
610 2797 676 2848 erat
693 2789 790 2846 omisit
810 2789 868 2846 inc.
888 2807 912 2846 ι.
934 2786 1014 2846 Edit.
1030 2787 1116 2847 Paris.
1136 2795 1215 2849 essct.
1235 2783 1320 2845 Bern.
1341 2806 1367 2850 t.
1387 2785 1560 2846 οἱνίῐαὶὴιιη.
1580 2785 1643 2846 Bas.
1656 2808 1684 2847 2.
1703 2787 1788 2848 Febr.
1891 2862 1892 2869 ἵ

398 2919 423 2956 ι.
443 2895 620 2974 Naumpr.
641 2892 722 2951 Cort.
741 2891 848 2950 omisit.
866 2898 1082 2970 perctusctotns.
1102 2899 1220 2968 mserpt.
1238 2891 1359 2949 variant.
1378 2891 1429 2949 alii
1443 2901 1632 2970 percontatus
1651 2894 1702 2951 ulii
1719 2913 1789 2975 per-

394 3011 554 3064 conctatus.
575 3021 630 3060 sec.
650 2997 734 3057 Bem.
748 3017 774 3055 r.
792 3005 888 3076 postq.
901 2995 980 3054 vitiet
995 2993 1069 3053 illos.
1088 2993 1174 3052 Rem.
1195 3005 1289 3073 uterq.
1309 2994 1372 3053 Bas.
1391 3015 1416 3054 1.
1434 3001 1462 3060 3,
1483 2995 1534 3056 Ac.
1554 2996 1641 3058 υἰάιὶ.
1661 2997 1746 3057 Febr.
1764 3019 1789 3056 ι.
1891 3034 1892 3057 .

396 3109 531 3189 Guelf.q
559 3107 661 3166 Vinar.
677 3123 701 3161 ι.
722 3121 820 3180 nnpr.
848 3097 1015 3160 condoles.
1036 3096 1120 3156 Leid.
1132 3119 1159 3156 e.
1173 3097 1237 3158 (tt.
1257 3100 1357 3159 Vinor.
1373 3119 1402 3159 2.
1421 3099 1507 3160 Bem.
1519 3101 1550 3161 ὅ.
1578 3101 1657 3160 msa
1676 3103 1789 3162 wetini.

395 3214 459 3275 Bas.
469 3216 499 3285 Δ.
518 3195 586 3292 Teg.
606 3207 677 3270 Tur.
689 3227 716 3265 2.
747 3204 834 3265 Bern.
846 3223 874 3264 2.
886 3206 913 3263 3.
940 3212 1063 3262 mortem
1079 3201 1250 3261 mmecIiwn.
1269 3203 1356 3267 Febr.
1369 3214 1465 3285 uterq.
1483 3205 1553 3265 Vin.
1567 3225 1592 3264 r.
1612 3205 1665 3266 Ac.
1686 3207 1747 3266 Bas.
1760 3211 1787 3269 3.

396 3321 466 3401 Teg.
486 3338 541 3399 pro
554 3321 718 3394 expectere
732 3329 847 3389 sperm
861 3313 975 3390 legunt.
992 3307 1077 3366 nem.
1088 3327 1116 3371 2.
1138 3306 1208 3366 vin.
1221 3328 1245 3367 ι.
1267 3307 1366 3367 Gueii.
1378 3329 1406 3373 r.
1425 3331 1466 3367 m.
1478 3331 1525 3388 pr.
1544 3309 1691 3376 Commei.
1712 3315 1789 3392 plur.

398 3427 487 3484 Palat.
515 3441 592 3481 unns
605 3419 694 3482 Rivii.
712 3414 791 3476 vobt's
805 3413 892 3472 omis.
904 3411 1002 3475 Gnels.
1017 3433 1048 3492 7.
1058 3434 1088 3492 9.
1116 3421 1203 3471 tantu
1217 3411 1272 3470 sita
1286 3412 1377 3474 mala.
1405 3412 1551 3472 Commei.
1573 3419 1663 3475 Pelet.
1684 3415 1747 3476 Bas.
1764 3439 1787 3474 r.

401 3537 431 3598 3„
450 3539 542 3606 uterq.
563 3527 621 3582 inc.
643 3523 710 3580 Vin.
731 3517 816 3578 Febr.
837 3519 932 3596 plures
944 3515 1042 3580 Guelf.
1061 3517 1132 3576 Son.
1146 3537 1171 3575 1.
1192 3515 1275 3575 Leid.
1290 3538 1334 3582 m.
1346 3538 1379 3576 n.
1406 3526 1491 3576 touta
1508 3508 1588 3576 maio
1602 3517 1669 3580 rste.
1695 3523 1787 3580 ceteri.

401 3642 508 3694 cuncto
525 3629 615 3690 malo.
635 3625 714 3685 hid.
727 3627 750 3684 1.
768 3621 883 3701 differis
895 3619 1252 3686 esmresseomisitGuelf.
1267 3641 1312 3681 ι2.
1333 3623 1413 3700 quod
1430 3642 1492 3681 non
1506 3625 1679 3684 omnessere
1697 3624 1790 3684 codd.

358 3755 360 3760 '
402 3739 473 3820 quin
491 3759 523 3797 ex
536 3737 648 3794 Veneto
670 3731 778 3790 Rivius.
799 3726 979 3790 Edit..Paris.
996 3724 1078 3784 Cort.
1099 3725 1220 3801 Havete.
1241 3735 1273 3784 itt
1284 3725 1342 3785 nti.
1368 3727 1430 3785 Bas.
1447 3748 1472 3785 r.
1489 3745 1518 3785 2.
1529 3727 1557 3796 Δ.
1577 3726 1647 3792 Tur.
1664 3749 1692 3787 1.
1710 3728 1791 3792 Bem.

407 3868 431 3906 ι.
452 3839 601 3924 perduxit.
621 3837 718 3894 cust.
730 3857 760 3915 7.
778 3833 874 3893 Stniv.
894 3828 979 3887 Rem.
993 3849 1017 3893 ι.
1037 3827 1118 3887 Laid.
1134 3849 1163 3910 g.
1183 3828 1285 3900 Bana.
1303 3830 1547 3910 propinquasset
1566 3851 1670 3890 ornnes
1688 3833 1791 3892 seseli·

403 3950 461 4012 bri.
486 3945 644 4006 sosoma.
666 3939 728 4002 Bas.
749 3958 775 3998 t.
803 3933 885 4002 Leid.
899 3953 924 3992 a.
937 3931 967 3996 b.
979 3954 1004 3991 c.
1015 3953 1044 4012 g.
1059 3929 1095 3990 b..
1117 3933 1273 3992 confirmat
1298 3933 1382 3997 Prisc.
1402 3935 1447 3993 15.
1463 3954 1492 3993 2.
1520 3956 1551 4014 p.
1564 3934 1635 3994 618.
1667 3937 1791 3999 menri.

402 4057 469 4114 sen.
489 4073 514 4111 1.
534 4051 629 4107 Struv.
658 4043 753 4102 Gueli.
769 4062 794 4103 1.
808 4043 835 4102 3.
850 4038 879 4100 5.
905 4035 1036 4098 accersit.
1052 4035 1146 4094 ceteri.
1166 4036 1293 4116 amplior
1308 4037 1419 4096 incon.
1445 4047 1540 4118 uterq.
1559 4037 1677 4099 ratris.
1695 4040 1791 4100 Vinar.

404 4159 502 4229 (guelf,
516 4155 582 4225 ml..
602 4153 669 4214 San.
685 4161 711 4214 ig
730 4145 803 4234 Teg.
820 4143 890 4202 Tur.
906 4163 934 4206 1.
951 4141 1037 4204 ch.
1049 4143 1077 4202 3.
1097 4139 1213 4201 deinde.
1226 4141 1288 4200 Bas.
1305 4162 1330 4206 1.
1347 4162 1375 4204 2.
1386 4141 1414 4202 3.
1427 4141 1459 4212 4.
1476 4141 1622 4224 Το3·.’1ιιτ.
1634 4164 1700 4211 ι.2.
1712 4145 1792 4206 Bem.
