3850 4867
375 321 445 396 168

368 525 450 608 rem
473 514 695 604 corruptam
716 495 822 574 domi
846 523 981 602 poenas
1005 514 1205 592 metuunt3
1237 496 1448 588 criminari,
1486 495 1775 602 Carthaginien-

366 647 421 700 ses
442 640 532 699 ante
560 639 707 727 tempus
731 622 846 697 domo
868 622 1065 726 digressos,
1090 623 1320 699 conturbare
1338 648 1442 697 rem:
1465 621 1632 723 denique
1643 618 1775 695 omnia

361 747 480 824 'malle
507 774 625 851 quam
654 745 746 823 vieti
775 745 888 820 abire.
947 745 1020 820 Sed
1054 772 1177 849 quum
1211 747 1320 820 Poeni
1350 744 1466 819 aliam
1493 743 1777 830 conditionem,
1896 835 1897 844 ἵ

367 871 633 947 tantummodo
657 895 826 972 nquam,
853 882 1042 973 peterent,
1079 867 1205 945 Graeoi
1235 867 1429 972 optionem
1456 865 1777 972 Carthaginiensi-

366 1021 435 1071 um
455 994 622 1084 saciunt,
646 1009 691 1069 ut
716 992 774 1068 vel
808 991 884 1080 illi,
909 1017 1005 1092 quos
1041 990 1127 1067 linis
1151 992 1296 1097 populo
1312 1015 1381 1067 suo
1405 1006 1594 1096 peterent,
1621 991 1673 1066 ibi
1699 993 1776 1066 visi

366 1119 645 1211 obmeoentur5
661 1116 720 1192 vel
739 1115 872 1192 eadem
897 1115 1234 1207 conditionem,
1255 1141 1371 1218 sptem
1393 1115 1434 1190 in
1461 1115 1590 1190 locum
1614 1115 1776 1204 vellent,
1897 1143 1898 1152 ¹

365 1267 610 1350 processuros.
636 1223 840 1330 ,Philaeni
855 1237 1081 1314 'conditione
1108 1239 1289 1342 probata,
1312 1263 1425 1342 seque
1453 1239 1647 1342 vitamque
1664 1265 1776 1314 suam

366 1367 587 1472 reipublicae
609 1363 893 1457 condonarem
925 1362 979 1438 ita
1004 1363 1080 1439 vivi
1111 1362 1248 1438 obruti.
1300 1362 1626 1467 Carthaginienses
1661 1364 1776 1440 ineo

371 1483 456 1566 loco
472 1488 652 1564 Philaenis
672 1485 856 1563 fratribus
877 1512 960 1562 aras
981 1511 1242 1563 consecravere
1252 1517 1262 1578 3
1277 1486 1420 1588 aliique
1437 1487 1511 1560 illis
1530 1487 1633 1562 domi
1650 1485 1775 1564 hono-

319 1626 359 1688 80
373 1639 430 1688 res
452 1612 626 1687 instituti.
675 1613 788 1686 Nunc
819 1609 871 1685 ad
898 1637 978 1685 rem
1016 1609 1135 1686 redeo.
1186 1607 1370 1714 Iugurtha
1393 1628 1612 1715 postquam,
1636 1613 1776 1688 amissa

365 1736 507 1827 Thala,
529 1735 631 1810 nihil
657 1734 747 1810 satis
780 1733 935 1809 firmum
954 1751 1090 1808 contra
1118 1734 1316 1810 Metellum
1352 1752 1490 1839 putat,
1518 1764 1586 1839 per
1617 1763 1774 1843 magnas
1807 1795 1816 1802 -

364 1859 589 1936 solitudines
624 1885 714 1934 cum
746 1857 878 1962 paucis
912 1856 1127 1962 profectus,
1161 1858 1411 1963 pervenitad
1440 1859 1629 1950 Gaetulos,
1653 1889 1773 1967 genus
1900 1889 1901 1904 ¹

365 1983 569 2062 hominum
597 1981 723 2060 ferum
748 1979 1039 2085 incultumque,
1070 1998 1108 2058 et
1132 2007 1177 2058 eo
1208 1997 1374 2086 tempore
1403 1983 1580 2088 ignarum
1604 1987 1774 2062 nominis

364 2110 537 2186 Romani.
586 2109 731 2182 Eorum
746 2105 1036 2181 multitudinem
1057 2105 1098 2180 in
1122 2132 1247 2181 unum
1272 2107 1372 2211 cogit
1391 2133 1436 2182 ao
1458 2109 1663 2211 paullatim
1680 2139 1773 2188 con-

362 2233 526 2310 suefacit
552 2230 704 2307 ordines
726 2228 890 2318 habere,
916 2229 1023 2334 signa
1052 2230 1182 2332 sequi,
1209 2231 1413 2334 imperium
1440 2233 1652 2322 observare,
1677 2234 1770 2310 item

365 2357 441 2431 alia
478 2353 660 2430 militaria
687 2349 818 2427 lacere.
868 2355 1049 2427 Praeterea
1081 2353 1176 2456 regis
1212 2352 1350 2428 Bocchi
1391 2381 1595 2457 proxumos
1622 2359 1770 2462 magnis

366 2479 591 2556 muneribus
612 2493 651 2552 et
673 2476 881 2550 maioribus
906 2474 1096 2578 promissis
1124 2474 1175 2549 ad
1193 2476 1364 2550 studium
1386 2479 1444 2552 sui
1466 2479 1641 2580 perducit
1648 2513 1658 2576 3
1679 2483 1770 2584 quis

367 2602 607 2678 adiutoribus
635 2625 760 2703 regem
779 2598 971 2702 adgressus
990 2597 1171 2702 impellit,
1199 2599 1257 2672 uti
1280 2599 1457 2676 advorsus
1478 2605 1666 2678 Romanos
1690 2605 1770 2680 bel·

367 2727 451 2802 lum
476 2725 644 2829 incipiat
694 2722 740 2797 Id
765 2721 941 2827 eagratia
955 2720 1104 2796 facilius
1120 2723 1354 2827 proniusque
1366 2723 1459 2817 fuit,
1482 2727 1586 2829 quod
1599 2727 1769 2806 Bocchus

367 2929 466 2992 Pemb.
483 2938 590 3012 poster.
603 2948 633 2990 se
644 2947 701 2989 esse
710 2925 822 2987 vident.
836 2946 893 2987 esse
904 2945 965 2986 orn.
981 2926 1042 2985 Bas.
1056 2947 1081 2986 ι.
1096 2927 1155 2986 ino.
1172 2947 1199 2986 2.
1212 2927 1291 2988 leid.
1301 2949 1332 2987 n
1353 2927 1453 2990 vitient
1463 2950 1492 2990 se
1509 2932 1659 3010 alriyrtonto
1669 2945 1770 3014 posta-

367 3036 458 3102 riores
477 3034 561 3095 Bern.
573 3055 598 3094 ι.
619 3035 707 3093 domo
717 3051 843 3112 egressos
854 3031 937 3093 Fabr.
949 3031 1019 3091 vin.
1036 3052 1061 3097 ι.
1075 3031 1158 3091 Rem.
1172 3051 1197 3096 ι.
1218 3031 1314 3099 Guell.
1330 3053 1375 3094 ια.
1396 3035 1496 3095 omnio
1505 3037 1572 3108 poti
1583 3039 1670 3098 stalle
1677 3061 1767 3117 quom

365 3141 455 3203 vietm
467 3138 548 3200 obire
566 3139 651 3198 Rern.
663 3158 689 3198 ι.
701 3137 729 3198 3.
750 3135 797 3195 uti
805 3136 850 3197 vel
862 3132 917 3200 illi.
937 3135 984 3195 uti
1001 3156 1061 3195 om.
1081 3137 1149 3197 Vm.
1165 3157 1190 3196 ι.
1211 3137 1308 3198 Guell.
1320 3163 1351 3221 7.
1370 3161 1414 3198 aa.
1435 3151 1494 3222 opt.
1511 3139 1769 3222 Carthaginiensi.

365 3249 416 3310 bus
430 3247 514 3308 Bern.
531 3266 557 3305 1.
580 3247 716 3323 quossm
733 3242 792 3302 ino.
805 3241 890 3301 Rem.
905 3262 930 3300 1.
951 3239 1055 3300 Frena.
1075 3239 1164 3300 lead.
1182 3241 1282 3302 Vinar.
1296 3264 1324 3303 a.
1345 3245 1423 3305 Vrot.
1439 3245 1467 3305 3.
1491 3246 1557 3305 Eoo.
1578 3247 1674 3316 Guell.
1689 3252 1718 3311 6.
1735 3275 1765 3334 7.

365 3377 396 3434 9.
415 3374 460 3412 ιι.
480 3372 525 3410 ra.
545 3349 676 3428 quismes
694 3343 791 3406 Guelf.
807 3366 833 3405 ι.
855 3344 973 3405 Gomm.
993 3344 1140 3424 vitamque
1150 3366 1234 3406 suam
1251 3367 1353 3410 omnes
1362 3349 1438 3410 libri.
1456 3371 1489 3410 eo
1505 3349 1537 3410 in
1552 3352 1615 3412 loeo
1628 3353 1765 3418 Guetts.

367 3457 506 3534 aliterque
518 3452 577 3514 illis
594 3452 655 3511 Bas.
673 3471 699 3511 t.
1405 3459 1407 3464 '

451 3579 523 3660 Cap.
537 3581 586 3645 so.
607 3580 640 3639 in
654 3578 852 3659 nnumcoegit
870 3577 970 3640 Vmor.
984 3597 1010 3637 2.
1031 3575 1119 3638 lead.
1140 3580 1199 3640 ine.
1210 3599 1238 3646 a.
1260 3581 1344 3642 Rem.
1360 3603 1386 3643 1.
1413 3583 1475 3646 Bas.
1490 3586 1518 3658 4.
1545 3587 1640 3651 Guell.
1656 3611 1682 3653 2.
1694 3591 1723 3664 4.
1734 3594 1764 3656 6.

355 3707 418 3775 .¹⁰·
430 3705 476 3746 tr.
497 3683 580 3744 Leid.
593 3683 624 3742 b.
636 3683 666 3743 d.
674 3705 700 3743 e.
711 3705 741 3765 g.
762 3702 841 3763 θοις.
855 3681 888 3741 ἰη
901 3702 952 3742 un.
974 3681 1033 3742 Erl.
1054 3685 1229 3768 eomueseeit
1248 3684 1344 3746 Guelf.
1356 3686 1385 3749 ὅ.
1404 3709 1449 3748 12.
1467 3693 1765 3770 proximosmuoeri-

364 3793 420 3854 buo
435 3789 591 3851 maioribus
607 3786 756 3869 promissit
772 3788 842 3849 Vin.
854 3807 881 3846 1.
901 3786 948 3848 rui
961 3789 1004 3847 od
1022 3787 1152 3848 medinm
1171 3789 1283 3850 Fabrie.
1301 3811 1326 3850 1.
1346 3791 1414 3875 Tog.
1434 3793 1495 3854 Bas.
1508 3795 1536 3868 l.
1557 3798 1624 3863 Tur.
1653 3813 1691 3860 at·
1702 3807 1765 3864 ad.

367 3916 462 3961 versos
469 3893 619 3955 Romanos
637 3891 699 3952 Bas.
715 3911 742 3951 t.
760 3891 861 3952 Vinar.
881 3913 906 3950 1.
927 3890 1037 3952 fabric.
1053 3911 1081 3952 a.
1102 3893 1162 3953 inc.
1182 3893 1284 3959 Franc.
1305 3895 1389 3956 Bern.
1401 3897 1429 3957 3.
1457 3898 1587 3982 incoepto
1604 3905 1672 3965 belli
1681 3906 1764 3970 Gru.

368 4001 472 4062 teriani
490 4001 641 4068 meliores,
661 3995 755 4057 Cottii
766 3997 893 4076 aliquot,
912 3995 992 4060 ttivit
1005 4015 1115 4057 ornnes.
1134 3996 1184 4058 sed
1201 3997 1314 4078 incepto
1333 4001 1406 4062 bello
1425 4001 1525 4066 Vinar.
1545 4007 1611 4068 Son.
1629 4011 1760 4079 alienu.

368 4105 472 4166 Franc.
491 4103 570 4165 Vrat.
582 4122 609 4166 a.
629 4101 714 4160 Item.
735 4121 761 4159 1.
782 4099 918 4161 (loelli.
930 4101 959 4170 l.
971 4123 998 4183 7.
1011 4121 1042 4160 tt
1057 4144 1066 4160 .
1081 4121 1127 4162 12.
1148 4101 1267 4164 leid.b.
1279 4103 1309 4170 d.
1325 4105 1448 4186 inepta
1462 4129 1563 4172 omnes
1573 4114 1653 4174 Leid.
1675 4115 1762 4180 Rem,

368 4209 466 4274 Guelf.
478 4207 506 4271 ὅ.
520 4229 549 4290 9.
569 4205 633 4268 Bas.
649 4225 676 4267 1.
692 4204 722 4276 l.
741 4203 839 4267 Turio.
857 4203 943 4267 Bam.
961 4226 987 4268 ι.
1014 4205 1151 4288 suscipiet
1176 4207 1208 4267 in
1229 4207 1333 4271 tottam
1352 4209 1410 4277 tut
1432 4213 1505 4278 batto
1533 4239 1593 4279 om.
1621 4221 1680 4284 inc.
1699 4225 1766 4301 qun
