3850 4867
399 293 470 388 146

395 471 467 548 bus
484 471 616 557 Iacere
667 476 810 552 Contra
827 499 872 552 ee
893 472 1078 580 oppidani
1097 474 1141 551 in
1159 499 1364 581 proxumos
1379 493 1466 551 saxa
1483 471 1652 564 volvem
1671 467 1791 556 sudes,

395 597 499 702 pila,
519 615 700 705 preterea
723 600 849 704 picem
863 598 1050 705 sulphure
1065 615 1104 675 et
1124 599 1221 676 teda
1247 600 1406 676 mixtam
1431 595 1604 673 ardentia
1629 594 1789 668 mittere.

396 721 472 799 Sed
508 751 559 800 ne
589 724 674 806 illes
707 723 882 827 quidem,
911 725 981 826 qui
1002 722 1139 828 procul
1163 737 1403 815 manserant,
1426 720 1542 798 timor
1567 718 1691 794 animi
1710 714 1794 791 satis

398 847 643 942 muniverat3
675 873 768 923 nam
801 847 1002 952 plerosque
1034 846 1160 922 iacula
1192 847 1389 923 tormentis
1423 863 1492 922 aut
1522 871 1643 920 manu
1666 839 1796 918 emisse

398 971 651 1048 volnerabent
667 973 829 1077 parique
847 970 1041 1076 periculo,
1062 971 1127 1046 sed
1146 969 1248 1046 fama
1263 970 1422 1076 impari,
1441 969 1536 1046 boni
1560 984 1681 1072 utque
1696 966 1797 1069 igne·

351 1113 390 1173 58
403 1095 441 1171 vi
459 1113 579 1170 erant
634 1099 740 1172 Dum
760 1095 865 1200 apud
881 1097 1040 1172 Zamam
1053 1095 1305 1186 siccertetur,
1328 1093 1516 1200 Iugurtha
1532 1119 1579 1169 ex
1596 1088 1798 1196 improviso

400 1237 520 1295 castra
539 1218 710 1296 hostium
730 1248 820 1296 eum
843 1247 982 1324 magua
1004 1247 1125 1296 manu
1141 1219 1318 1297 invadit:
1343 1219 1525 1308 remissis,
1545 1215 1615 1321 qui
1637 1216 1682 1290 in
1707 1239 1799 1318 prae·

399 1345 496 1420 sidio
518 1362 646 1433 erant,
665 1361 705 1419 et
721 1343 851 1419 omnia
862 1344 980 1449 magis
993 1371 1111 1446 quam
1123 1323 1300 1448 praelium
1312 1343 1635 1449 exspectantibus,
1652 1355 1800 1444 portam

400 1469 591 1572 irrumpit
611 1473 661 1543 At
676 1469 813 1558 nostri,
832 1467 1034 1572 repentino
1046 1483 1151 1542 metu
1168 1467 1341 1572 perculsi,
1357 1468 1430 1543 sibi
1454 1468 1615 1571 quisque
1634 1491 1710 1569 pro
1725 1488 1800 1536 mo-

401 1591 508 1666 ribus
530 1592 755 1668 consulunt:
788 1592 854 1666 alii
872 1590 1020 1696 fugere,
1040 1590 1106 1665 alii
1126 1617 1232 1666 arma
1256 1617 1390 1695 capere
1412 1625 1420 1666 ε
1447 1619 1585 1696 magna
1616 1615 1708 1694 pars
1727 1585 1801 1662 rol-

322 1816 325 1822 1
402 1715 526 1790 nerati
542 1730 610 1791 aut
627 1717 747 1792 occisi.
782 1719 959 1792 Ceterum
972 1741 1018 1789 ex
1035 1714 1141 1789 omni
1157 1713 1408 1790 multitudine
1422 1741 1502 1791 non
1527 1713 1696 1819 amplius
1714 1737 1803 1815 qua·
1883 1795 1884 1800 ἵ

402 1839 602 1944 draginta,
636 1865 819 1915 memores
845 1838 1012 1914 nominis
1042 1838 1219 1930 Romani,
1246 1845 1368 1944 'grege
1394 1837 1494 1915 facto
1520 1837 1650 1914 locum
1676 1857 1803 1939 cepere
1883 1899 1884 1916 ,

275 1995 279 2000 “
403 1964 537 2068 paullo
558 1992 675 2067 quam
695 1964 762 2038 alii
780 1963 1008 2059 editiorem,
1033 1989 1158 2066 neque
1177 1961 1268 2038 inde
1287 1990 1467 2039 maxuma
1495 1962 1534 2040 vi
1554 1961 1698 2067 depelli
1724 1957 1803 2062 qui·

404 2107 564 2166 verunt:
587 2089 653 2165 sed
676 2087 750 2165 tela
773 2088 921 2163 eminus
933 2087 1044 2162 missa
1058 2087 1267 2180 remittere,
1286 2086 1401 2192 pauci
1423 2088 1464 2163 in
1481 2086 1659 2191 pluribus
1682 2085 1803 2162 minus

405 2213 592 2291 fmstrati:
607 2213 667 2289 sin
683 2211 859 2286 Numidae
874 2212 1033 2315 propius
1049 2212 1300 2301 accessissent,
1316 2211 1371 2285 ibi
1386 2237 1474 2287 vero
1491 2211 1674 2288 virtutem
1690 2223 1804 2287 osten-

405 2339 496 2415 dere
523 2353 562 2413 et
585 2363 647 2412 eos
675 2363 854 2410 maxuma
880 2335 919 2410 vi
943 2333 1106 2425 credere,
1135 2333 1298 2411 fundere
1319 2349 1437 2438 atque
1461 2333 1602 2441 fugare
1649 2333 1804 2410 Interim

406 2461 582 2538 Metellus
603 2487 727 2564 quum
750 2483 946 2535 acerrume
970 2484 1050 2533 rem
1067 2473 1222 2563 gereret,
1254 2457 1460 2536 clamorem
1475 2457 1654 2536 hostilem
1671 2460 1721 2535 ab
1738 2475 1803 2533 ter·

408 2613 456 2691 go
482 2586 651 2688 accepit:
675 2584 785 2674 dein,
810 2607 992 2659 convorso
1011 2607 1110 2684 equo
1144 2583 1433 2676 animadvortit,
1452 2582 1584 2690 fugam
1604 2583 1656 2660 ed
1674 2611 1713 2660 se
1728 2607 1808 2658 sor·

408 2735 496 2788 sum
515 2708 609 2784 ¹lieri
631 2741 640 2783 ε
665 2734 753 2812 quse
776 2733 833 2783 res
866 2706 1064 2783 indicabat
1094 2706 1290 2811 popularis
1316 2732 1400 2785 esse.
1449 2709 1573 2815 Igitur
1596 2710 1804 2818 equitatum

414 2912 440 2952 r.
460 2890 527 2954 Seu.
542 2909 569 2951 r.
585 2899 728 2971 pretereo
740 2888 807 2971 pies
816 2896 844 2947 et
857 2887 996 2967 srdphure
1010 2887 1121 2948 teriam
1140 2886 1256 2947 mistam
1267 2887 1407 2948 ardentia
1424 2887 1547 2952 mittere.
1568 2887 1646 2951 hanc
1656 2892 1803 2952 leetIouem

409 2996 495 3062 Grct.
509 3017 544 3057 es
555 2996 722 3056 coniectura
733 2995 857 3068 invexit,
868 2995 907 3052 ita
919 2993 991 3074 legit
1004 2993 1084 3054 th.
1098 3012 1123 3051 r.
1141 2990 1235 3073 picem
1244 3001 1272 3052 et
1284 2993 1421 3074 sulphur
1436 2997 1546 3054 taedam
1558 2995 1686 3056 mie-tam
1697 2987 1806 3056 ardenti

403 3101 496 3164 ror.
512 3100 601 3164 ms.
613 3100 690 3165 rur.
708 3099 803 3180 pean
816 3098 953 3179 mpure
967 3105 995 3158 o
1014 3099 1123 3158 reram
1139 3096 1264 3158 meram
1277 3099 1508 3162 assemsum
1520 3100 1623 3166 esur.
1638 3103 1805 3164 sonorem
1883 3081 1884 3088 ‘

409 3207 495 3269 Pebr.
507 3228 535 3269 a.
548 3207 644 3272 Suus.
657 3205 725 3266 lico.
735 3204 863 3271 Guelfia.
875 3225 938 3286 7.9.
956 3201 1037 3262 leid.
1045 3201 1075 3262 d.
1083 3223 1108 3263 e.
1117 3203 1137 3263 t‘.
1145 3199 1176 3262 h.
1184 3203 1204 3262 i.
1214 3203 1241 3262 l.
1258 3203 1316 3269 Pal.
1326 3223 1354 3264 2.
1368 3205 1395 3270 5.
1408 3227 1438 3288 7.
1457 3205 1748 3289 sulphuretpioema
1758 3213 1805 3264 te»
1883 3243 1884 3248 κ

412 3313 619 3375 dammietam
628 3310 768 3372 ardentia
785 3309 867 3372 Vrat.
877 3330 905 3374 π.
909 3308 1005 3390 picem
1019 3306 1158 3388 sulphure
1173 3317 1201 3368 et
1216 3310 1326 3370 lesdam
1341 3309 1468 3372 mutam
1479 3310 1602 3374 ardenti
1617 3311 1703 3374 Febr.
1717 3333 1742 3373 1.
1754 3311 1804 3372 ine.

417 3438 445 3477 r.
472 3417 557 3478 Rern.
572 3437 599 3479 r.
619 3414 740 3477 Vretd.
760 3413 858 3474 Guelf.
874 3433 921 3475 ra.
941 3413 1029 3474 Paris.
1037 3435 1064 3480 a.
1073 3435 1099 3474 e.
1111 3411 1174 3472 Bas.
1182 3414 1211 3487 Α.
1241 3414 1386 3477 accedunt
1404 3415 1541 3479 senate.
1561 3417 1801 3482 trementer.

417 3542 464 3588 ro.
480 3543 527 3582 ιι.
547 3521 598 3582 sed
608 3532 724 3582 mutato
733 3518 891 3581 verborum
903 3519 1025 3594 ordine,
1044 3521 1158 3600 copule
1173 3522 1297 3582 maxime
1312 3523 1458 3602 positione
1472 3523 1611 3587 variante.
1630 3525 1737 3586 similes
1745 3529 1803 3581 sunt

413 3627 482 3689 vsu.
497 3646 523 3687 a.
537 3637 567 3687 et
579 3625 663 3686 Rem.
673 3645 704 3687 a.
721 3627 776 3686 nisi
794 3624 876 3708 quod
890 3623 1027 3684 ardentio
1042 3627 1153 3706 legunt.
1174 3627 1266 3686 tedes
1278 3626 1386 3687 mutas
1396 3629 1544 3689 ardentm.
1564 3628 1661 3690 Guelf.
1673 3630 1702 3690 3.
1719 3627 1802 3711 picem

413 3751 483 3794 cram
502 3730 640 3812 ωΙρῙιιικ
672 3739 701 3792 st
718 3732 798 3790 tede
827 3728 953 3789 matam
978 3728 1116 3788 ardentio
1141 3727 1232 3790 lead.
1256 3729 1351 3811 picem
1368 3731 1507 3814 sedphure
1529 3743 1558 3796 et
1586 3737 1667 3796 tede
1688 3735 1801 3796 mistum

413 3836 557 3898 srdmtie
574 3835 643 3899 vin.
660 3856 687 3901 1.
708 3834 770 3900 Bas.
782 3856 809 3895 s.
827 3835 895 3900 Seu.
912 3853 938 3894 ι.
959 3832 1044 3899 Paris.
1058 3855 1086 3896 o.
1098 3834 1128 3899 d.
1148 3833 1232 3895 Bern.
1244 3841 1272 3900 ὅ.
1299 3835 1399 3896 Pemb.
1416 3837 1450 3900 Β.
1467 3839 1540 3901 Pub.
1559 3841 1696 3907 Markm.
1716 3837 1799 3900 Guell.

412 3942 445 4014 ί.
464 3942 581 4006 laist.
600 3942 687 4003 edam
699 3939 768 4000 Nes.
788 3941 844 4000 nisi
864 3938 945 4020 quod
965 3941 1075 4000 tedam
1089 3941 1169 4022 legit.
1201 3940 1378 4003 ommeltoec
1389 3945 1528 4007 onisntt'o
1546 3949 1660 4028 aliquot
1670 3941 1800 4008 eumad·

414 4045 666 4110 mordentis
683 4045 767 4105 Leid.
775 4067 805 4128 g.
824 4044 876 4106 red
892 4063 929 4104 ne
944 4042 1010 4104 illos
1028 4044 1160 4126 quedem
1174 4047 1295 4127 quidem
1311 4068 1380 4108 omt
1392 4050 1539 4118 Vinum.
1559 4053 1662 4118 Stsnv..
1676 4051 1798 4131 Guell7·

416 4173 467 4217 tar
487 4172 542 4214 nec
554 4156 659 4236 legunt
676 4151 761 4212 Bern.
778 4170 807 4212 1.
824 4150 892 4210 Eoo.
910 4147 996 4214 Rern.
1010 4169 1036 4209 ι.
1053 4149 1122 4211 Seu.
1136 4171 1164 4214 s.
1185 4151 1288 4213 Hense.
1306 4152 1404 4217 Guelf.
1416 4155 1445 4227 4.
1465 4159 1553 4218 etiam
1567 4157 1623 4226 de.
1638 4161 1700 4222 iue.
1711 4180 1738 4221 a.
1756 4152 1797 4238 φῖ

414 4269 513 4322 tamen
528 4258 647 4340 qudem
665 4257 835 4319 omiserunt.
853 4254 1049 4317 volneratus
1067 4253 1118 4323 te
1137 4257 1211 4319 Seu..
1221 4277 1249 4324 a.
1268 4258 1376 4324 llere.
1388 4261 1511 4328 vrttes.
