<?xml version="1.0" encoding="UTF-8"?>
<!DOCTYPE html PUBLIC "-//W3C//DTD XHTML 1.0 Transitional//EN"
    "http://www.w3.org/TR/xhtml1/DTD/xhtml1-transitional.dtd">
<html xmlns="http://www.w3.org/1999/xhtml" xml:lang="en" lang="en">
 <head>
  <title>
</title>
<meta http-equiv="Content-Type" content="text/html;charset=utf-8" />
  <meta name='ocr-system' content='tesseract 3.04.00' />
  <meta name='ocr-capabilities' content='ocr_page ocr_carea ocr_par ocr_line ocrx_word'/>
</head>
<body>
  <div class='ocr_page' id='page_1' title='image "./salustiiquaeexs01sallgoog_0357.png"; bbox 0 0 3850 4867; ppageno 0'>
   <div class='ocr_carea' id='block_1_1' title="bbox 573 598 1059 677">
    <p class='ocr_par' dir='ltr' id='par_1_1' title="bbox 573 598 1059 677">
     <span class='ocr_line' id='line_1_1' title="bbox 573 598 1059 677; baseline -0.004 -2"><span class='ocrx_word' id='word_1_1' title='bbox 573 598 1059 677; x_wconf 82' lang='lat' dir='ltr'><strong>EPISTOLAI.</strong></span> 
     </span>
    </p>
   </div>
   <div class='ocr_carea' id='block_1_2' title="bbox 121 772 1539 3743">
    <p class='ocr_par' dir='ltr' id='par_1_2' title="bbox 121 772 1539 3743">
     <span class='ocr_line' id='line_1_2' title="bbox 238 772 1539 887; baseline 0.006 -40"><span class='ocrx_word' id='word_1_2' title='bbox 238 774 312 849; x_wconf 87' lang='lat' dir='ltr'><strong>Pro</strong></span> <span class='ocrx_word' id='word_1_3' title='bbox 334 800 422 851; x_wconf 83' lang='lat' dir='ltr'><strong>vero</strong></span> <span class='ocrx_word' id='word_1_4' title='bbox 454 793 565 854; x_wconf 87' lang='lat' dir='ltr'><strong>antea</strong></span> <span class='ocrx_word' id='word_1_5' title='bbox 599 780 815 874; x_wconf 83' lang='lat' dir='ltr'><strong>obtinebat,</strong></span> <span class='ocrx_word' id='word_1_6' title='bbox 840 806 956 887; x_wconf 80' lang='lat' dir='ltr'><strong>regna</strong></span> <span class='ocrx_word' id='word_1_7' title='bbox 982 796 1099 884; x_wconf 86' lang='lat' dir='ltr'><strong>atque</strong></span> <span class='ocrx_word' id='word_1_8' title='bbox 1123 776 1282 883; x_wconf 86' lang='lat' dir='ltr'><strong>imperia</strong></span> <span class='ocrx_word' id='word_1_9' title='bbox 1316 772 1539 855; x_wconf 83' lang='lat' dir='ltr'><strong>fortunam1</strong></span> 
     </span>
     <span class='ocr_line' id='line_1_3' title="bbox 128 890 1518 1011; baseline 0.007 -43"><span class='ocrx_word' id='word_1_10' title='bbox 128 890 219 971; x_wconf 90' lang='lat' dir='ltr'><strong>dono</strong></span> <span class='ocrx_word' id='word_1_11' title='bbox 241 895 351 989; x_wconf 87' lang='lat' dir='ltr'><strong>dare,</strong></span> <span class='ocrx_word' id='word_1_12' title='bbox 386 900 477 976; x_wconf 88' lang='lat' dir='ltr'><strong>item</strong></span> <span class='ocrx_word' id='word_1_13' title='bbox 496 901 590 994; x_wconf 86' lang='lat' dir='ltr'><strong>alia,</strong></span> <span class='ocrx_word' id='word_1_14' title='bbox 614 928 701 1007; x_wconf 86' lang='lat' dir='ltr'><strong>quae</strong></span> <span class='ocrx_word' id='word_1_15' title='bbox 727 932 797 1011; x_wconf 88' lang='lat' dir='ltr'><strong>per</strong></span> <span class='ocrx_word' id='word_1_16' title='bbox 820 906 992 981; x_wconf 82' lang='lat' dir='ltr'><strong>mortalis</strong></span> <span class='ocrx_word' id='word_1_17' title='bbox 1023 904 1133 981; x_wconf 79' lang='lat' dir='ltr'><strong>avide</strong></span> <span class='ocrx_word' id='word_1_18' title='bbox 1160 902 1399 1009; x_wconf 81' lang='lat' dir='ltr'><strong>cupiuntur:</strong></span> <span class='ocrx_word' id='word_1_19' title='bbox 1425 902 1518 1005; x_wconf 87' lang='lat' dir='ltr'><strong>quia</strong></span> 
     </span>
     <span class='ocr_line' id='line_1_4' title="bbox 126 1021 1517 1133; baseline 0.006 -42"><span class='ocrx_word' id='word_1_20' title='bbox 126 1032 159 1091; x_wconf 89' lang='lat' dir='ltr'><strong>et</strong></span> <span class='ocrx_word' id='word_1_21' title='bbox 181 1021 481 1130; x_wconf 85' lang='lat' dir='ltr'><strong>apudindiguos</strong></span> <span class='ocrx_word' id='word_1_22' title='bbox 501 1052 598 1132; x_wconf 84' lang='lat' dir='ltr'><strong>saepe</strong></span> <span class='ocrx_word' id='word_1_23' title='bbox 621 1044 750 1118; x_wconf 86' lang='lat' dir='ltr'><strong>crant,</strong></span> <span class='ocrx_word' id='word_1_24' title='bbox 777 1030 885 1131; x_wconf 88' lang='lat' dir='ltr'>quasi</span> <span class='ocrx_word' id='word_1_25' title='bbox 910 1047 980 1133; x_wconf 84' lang='lat' dir='ltr'><strong>per&#39;</strong></span> <span class='ocrx_word' id='word_1_26' title='bbox 1002 1028 1219 1104; x_wconf 83' lang='lat' dir='ltr'><strong>lubidinem</strong></span> <span class='ocrx_word' id='word_1_27' title='bbox 1247 1026 1357 1102; x_wconf 89' lang='lat' dir='ltr'><strong>data:</strong></span> <span class='ocrx_word' id='word_1_28' title='bbox 1390 1051 1517 1129; x_wconf 90' lang='lat' dir='ltr'><strong>neque</strong></span> 
     </span>
     <span class='ocr_line' id='line_1_5' title="bbox 125 1144 1517 1258; baseline 0.006 -41"><span class='ocrx_word' id='word_1_29' title='bbox 125 1144 298 1247; x_wconf 84' lang='lat' dir='ltr'><strong>cuiquam</strong></span> <span class='ocrx_word' id='word_1_30' title='bbox 320 1148 544 1256; x_wconf 86' lang='lat' dir='ltr'><strong>incorrupta</strong></span> <span class='ocrx_word' id='word_1_31' title='bbox 560 1170 856 1258; x_wconf 86' lang='lat' dir='ltr'><strong>permanserant</strong></span> <span class='ocrx_word' id='word_1_32' title='bbox 900 1152 973 1229; x_wconf 88' lang='lat' dir='ltr'><strong>Sed</strong></span> <span class='ocrx_word' id='word_1_33' title='bbox 994 1180 1050 1229; x_wconf 80' lang='lat' dir='ltr'><strong>res</strong></span> <span class='ocrx_word' id='word_1_34' title='bbox 1065 1152 1199 1228; x_wconf 87' lang='lat' dir='ltr'><strong>docuit</strong></span> <span class='ocrx_word' id='word_1_35' title='bbox 1215 1150 1255 1227; x_wconf 93' lang='lat' dir='ltr'><strong>id</strong></span> <span class='ocrx_word' id='word_1_36' title='bbox 1274 1178 1407 1227; x_wconf 86' lang='lat' dir='ltr'><strong>verum</strong></span> <span class='ocrx_word' id='word_1_37' title='bbox 1427 1176 1517 1239; x_wconf 86' lang='lat' dir='ltr'><strong>esse,</strong></span> 
     </span>
     <span class='ocr_line' id='line_1_6' title="bbox 124 1270 1518 1382; baseline 0.003 -38"><span class='ocrx_word' id='word_1_38' title='bbox 124 1270 219 1371; x_wconf 92' lang='lat' dir='ltr'><strong>quod</strong></span> <span class='ocrx_word' id='word_1_39' title='bbox 240 1274 285 1349; x_wconf 90' lang='lat' dir='ltr'><strong>in</strong></span> <span class='ocrx_word' id='word_1_40' title='bbox 311 1276 546 1353; x_wconf 77' lang='lat' dir='ltr'><strong>carminibus</strong></span> <span class='ocrx_word' id='word_1_41' title='bbox 561 1276 707 1382; x_wconf 84' lang='lat' dir='ltr'><strong>Appius</strong></span> <span class='ocrx_word' id='word_1_42' title='bbox 724 1276 795 1367; x_wconf 91' lang='lat' dir='ltr'><strong>ait,</strong></span> <span class='ocrx_word' id='word_1_43' title='bbox 819 1275 975 1351; x_wconf 82' lang='lat' dir='ltr'><strong>fabrum</strong></span> <span class='ocrx_word' id='word_1_44' title='bbox 996 1303 1072 1353; x_wconf 89' lang='lat' dir='ltr'><strong>esse</strong></span> <span class='ocrx_word' id='word_1_45' title='bbox 1086 1302 1163 1352; x_wconf 89' lang='lat' dir='ltr'><strong>suae</strong></span> <span class='ocrx_word' id='word_1_46' title='bbox 1185 1302 1375 1381; x_wconf 82' lang='lat' dir='ltr'><strong>quemque</strong></span> <span class='ocrx_word' id='word_1_47' title='bbox 1395 1274 1518 1350; x_wconf 87' lang='lat' dir='ltr'><strong>fortu-</strong></span> 
     </span>
     <span class='ocr_line' id='line_1_7' title="bbox 124 1399 1517 1506; baseline 0.005 -41"><span class='ocrx_word' id='word_1_48' title='bbox 124 1420 194 1469; x_wconf 88' lang='lat' dir='ltr'><strong>nae:</strong></span> <span class='ocrx_word' id='word_1_49' title='bbox 211 1414 328 1501; x_wconf 83' lang='lat' dir='ltr'><strong>atque</strong></span> <span class='ocrx_word' id='word_1_50' title='bbox 339 1400 382 1476; x_wconf 91' lang='lat' dir='ltr'><strong>in</strong></span> <span class='ocrx_word' id='word_1_51' title='bbox 397 1416 433 1476; x_wconf 88' lang='lat' dir='ltr'><strong>te</strong></span> <span class='ocrx_word' id='word_1_52' title='bbox 449 1429 626 1477; x_wconf 83' lang='lat' dir='ltr'><strong>maxume</strong></span> <span class='ocrx_word' id='word_1_53' title='bbox 636 1458 650 1493; x_wconf 86' lang='lat'><strong>,-</strong></span> <span class='ocrx_word' id='word_1_54' title='bbox 659 1400 727 1503; x_wconf 90' lang='lat' dir='ltr'><strong>qui</strong></span> <span class='ocrx_word' id='word_1_55' title='bbox 742 1416 894 1476; x_wconf 85' lang='lat' dir='ltr'><strong>tantum</strong></span> <span class='ocrx_word' id='word_1_56' title='bbox 913 1401 1008 1476; x_wconf 88' lang='lat' dir='ltr'><strong>alios</strong></span> <span class='ocrx_word' id='word_1_57' title='bbox 1023 1426 1242 1506; x_wconf 72' lang='lat' dir='ltr'><strong>praegressus</strong></span> <span class='ocrx_word' id='word_1_58' title='bbox 1265 1425 1318 1491; x_wconf 88' lang='lat' dir='ltr'><strong>es,</strong></span> <span class='ocrx_word' id='word_1_59' title='bbox 1339 1399 1398 1473; x_wconf 91' lang='lat' dir='ltr'><strong>uti</strong></span> <span class='ocrx_word' id='word_1_60' title='bbox 1411 1399 1517 1502; x_wconf 84' lang='lat' dir='ltr'><strong>prius</strong></span> 
     </span>
     <span class='ocr_line' id='line_1_8' title="bbox 123 1515 1517 1629; baseline 0.006 -39"><span class='ocrx_word' id='word_1_61' title='bbox 123 1515 242 1595; x_wconf 83' lang='lat' dir='ltr'><strong>defessi</strong></span> <span class='ocrx_word' id='word_1_62' title='bbox 275 1524 357 1598; x_wconf 88' lang='lat' dir='ltr'><strong>sint</strong></span> <span class='ocrx_word' id='word_1_63' title='bbox 374 1522 547 1601; x_wconf 78' lang='lat' dir='ltr'><strong>homines</strong></span> <span class='ocrx_word' id='word_1_64' title='bbox 574 1523 769 1600; x_wconf 83' lang='lat' dir='ltr'><strong>laudando</strong></span> <span class='ocrx_word' id='word_1_65' title='bbox 799 1523 898 1599; x_wconf 85' lang='lat' dir='ltr'><strong>facta</strong></span> <span class='ocrx_word' id='word_1_66' title='bbox 921 1541 1013 1617; x_wconf 89' lang='lat' dir='ltr'><strong>tua,</strong></span> <span class='ocrx_word' id='word_1_67' title='bbox 1046 1553 1164 1629; x_wconf 91' lang='lat' dir='ltr'><strong>quam</strong></span> <span class='ocrx_word' id='word_1_68' title='bbox 1189 1541 1234 1601; x_wconf 90' lang='lat' dir='ltr'><strong>tu</strong></span> <span class='ocrx_word' id='word_1_69' title='bbox 1265 1523 1379 1600; x_wconf 84' lang='lat' dir='ltr'><strong>laude</strong></span> <span class='ocrx_word' id='word_1_70' title='bbox 1401 1523 1517 1629; x_wconf 83' lang='lat' dir='ltr'><strong>digna</strong></span> 
     </span>
     <span class='ocr_line' id='line_1_9' title="bbox 123 1640 1517 1755; baseline 0.006 -41"><span class='ocrx_word' id='word_1_71' title='bbox 123 1640 306 1723; x_wconf 88' lang='lat' dir='ltr'><strong>faciundo.</strong></span> <span class='ocrx_word' id='word_1_72' title='bbox 346 1652 523 1725; x_wconf 85' lang='lat' dir='ltr'><strong>Ceterum</strong></span> <span class='ocrx_word' id='word_1_73' title='bbox 542 1651 601 1725; x_wconf 89' lang='lat' dir='ltr'><strong>uti</strong></span> <span class='ocrx_word' id='word_1_74' title='bbox 625 1648 827 1739; x_wconf 85' lang='lat' dir='ltr'><strong>fabricata,</strong></span> <span class='ocrx_word' id='word_1_75' title='bbox 854 1649 908 1723; x_wconf 90' lang='lat' dir='ltr'><strong>sic</strong></span> <span class='ocrx_word' id='word_1_76' title='bbox 927 1650 1068 1725; x_wconf 82' lang='lat' dir='ltr'><strong>virtute</strong></span> <span class='ocrx_word' id='word_1_77' title='bbox 1088 1666 1215 1753; x_wconf 83' lang='lat' dir='ltr'><strong>parta,</strong></span> <span class='ocrx_word' id='word_1_78' title='bbox 1241 1677 1360 1754; x_wconf 85' lang='lat' dir='ltr'><strong>quam</strong></span> <span class='ocrx_word' id='word_1_79' title='bbox 1379 1674 1517 1755; x_wconf 82' lang='lat' dir='ltr'><strong>magna</strong></span> 
     </span>
     <span class='ocr_line' id='line_1_10' title="bbox 123 1766 1518 1865; baseline 0.004 -25"><span class='ocrx_word' id='word_1_80' title='bbox 123 1766 301 1848; x_wconf 87' lang='lat' dir='ltr'><strong>industria</strong></span> <span class='ocrx_word' id='word_1_81' title='bbox 321 1770 457 1847; x_wconf 83' lang='lat' dir='ltr'><strong>haberi</strong></span> <span class='ocrx_word' id='word_1_82' title='bbox 480 1772 586 1849; x_wconf 90' lang='lat' dir='ltr'><strong>decet</strong></span> <span class='ocrx_word' id='word_1_83' title='bbox 593 1805 603 1865; x_wconf 83' lang='lat'><em>3</em></span> <span class='ocrx_word' id='word_1_84' title='bbox 628 1798 678 1847; x_wconf 93' lang='lat' dir='ltr'><strong>ne</strong></span> <span class='ocrx_word' id='word_1_85' title='bbox 701 1770 849 1847; x_wconf 83' lang='lat' dir='ltr'><strong>incuria</strong></span> <span class='ocrx_word' id='word_1_86' title='bbox 871 1770 1151 1864; x_wconf 78' lang='lat' dir='ltr'><strong>deformentur,</strong></span> <span class='ocrx_word' id='word_1_87' title='bbox 1176 1790 1246 1848; x_wconf 83' lang='lat' dir='ltr'><strong>aut</strong></span> <span class='ocrx_word' id='word_1_88' title='bbox 1259 1788 1444 1850; x_wconf 84' lang='lat' dir='ltr'><strong>corruant</strong></span> <span class='ocrx_word' id='word_1_89' title='bbox 1459 1772 1518 1846; x_wconf 88' lang='lat' dir='ltr'><strong>in-</strong></span> 
     </span>
     <span class='ocr_line' id='line_1_11' title="bbox 125 1890 1518 2000; baseline 0.005 -36"><span class='ocrx_word' id='word_1_90' title='bbox 125 1890 271 1971; x_wconf 86' lang='lat' dir='ltr'><strong>firmata.</strong></span> <span class='ocrx_word' id='word_1_91' title='bbox 308 1899 427 1971; x_wconf 91' lang='lat' dir='ltr'><strong>Nemo</strong></span> <span class='ocrx_word' id='word_1_92' title='bbox 447 1897 552 1973; x_wconf 90' lang='lat' dir='ltr'><strong>enim</strong></span> <span class='ocrx_word' id='word_1_93' title='bbox 572 1895 682 1972; x_wconf 82' lang='lat' dir='ltr'><strong>alteri</strong></span> <span class='ocrx_word' id='word_1_94' title='bbox 706 1895 910 1999; x_wconf 89' lang='lat' dir='ltr'><strong>imperium</strong></span> <span class='ocrx_word' id='word_1_95' title='bbox 929 1895 1058 1971; x_wconf 86' lang='lat' dir='ltr'><strong>volens</strong></span> <span class='ocrx_word' id='word_1_96' title='bbox 1073 1897 1267 1972; x_wconf 82' lang='lat' dir='ltr'><strong>concedit:</strong></span> <span class='ocrx_word' id='word_1_97' title='bbox 1291 1914 1330 1973; x_wconf 92' lang='lat' dir='ltr'><strong>et</strong></span> <span class='ocrx_word' id='word_1_98' title='bbox 1346 1897 1518 2000; x_wconf 81' lang='lat' dir='ltr'><strong>quamvis</strong></span> 
     </span>
     <span class='ocr_line' id='line_1_12' title="bbox 123 2016 1518 2125; baseline 0.004 -37"><span class='ocrx_word' id='word_1_99' title='bbox 123 2016 234 2095; x_wconf 90' lang='lat' dir='ltr'><strong>bonus</strong></span> <span class='ocrx_word' id='word_1_100' title='bbox 254 2038 372 2124; x_wconf 87' lang='lat' dir='ltr'><strong>atque</strong></span> <span class='ocrx_word' id='word_1_101' title='bbox 396 2021 558 2096; x_wconf 88' lang='lat' dir='ltr'><strong>clemens</strong></span> <span class='ocrx_word' id='word_1_102' title='bbox 574 2021 640 2112; x_wconf 89' lang='lat' dir='ltr'><strong>sit,</strong></span> <span class='ocrx_word' id='word_1_103' title='bbox 668 2019 736 2124; x_wconf 88' lang='lat' dir='ltr'><strong>qui</strong></span> <span class='ocrx_word' id='word_1_104' title='bbox 757 2020 844 2124; x_wconf 87' lang='lat' dir='ltr'><strong>pius</strong></span> <span class='ocrx_word' id='word_1_105' title='bbox 862 2036 1004 2123; x_wconf 84' lang='lat' dir='ltr'><strong>potest3</strong></span> <span class='ocrx_word' id='word_1_106' title='bbox 1029 2036 1177 2112; x_wconf 84' lang='lat' dir='ltr'><strong>tamen,</strong></span> <span class='ocrx_word' id='word_1_107' title='bbox 1203 2021 1294 2125; x_wconf 87' lang='lat' dir='ltr'><strong>quia</strong></span> <span class='ocrx_word' id='word_1_108' title='bbox 1320 2022 1422 2096; x_wconf 86' lang='lat' dir='ltr'><strong>malo</strong></span> <span class='ocrx_word' id='word_1_109' title='bbox 1443 2046 1518 2095; x_wconf 82' lang='lat' dir='ltr'><strong>esse</strong></span> 
     </span>
     <span class='ocr_line' id='line_1_13' title="bbox 122 2138 1516 2250; baseline 0.006 -40"><span class='ocrx_word' id='word_1_110' title='bbox 122 2138 217 2235; x_wconf 88' lang='lat' dir='ltr'><strong>licet,</strong></span> <span class='ocrx_word' id='word_1_111' title='bbox 242 2142 482 2220; x_wconf 82' lang='lat' dir='ltr'><strong>formidatur.</strong></span> <span class='ocrx_word' id='word_1_112' title='bbox 520 2144 566 2221; x_wconf 90' lang='lat' dir='ltr'><strong>Id</strong></span> <span class='ocrx_word' id='word_1_113' title='bbox 597 2143 741 2234; x_wconf 82' lang='lat' dir='ltr'><strong>evenit,</strong></span> <span class='ocrx_word' id='word_1_114' title='bbox 767 2143 857 2247; x_wconf 87' lang='lat' dir='ltr'><strong>quia</strong></span> <span class='ocrx_word' id='word_1_115' title='bbox 886 2143 1060 2249; x_wconf 85' lang='lat' dir='ltr'><strong>plerique</strong></span> <span class='ocrx_word' id='word_1_116' title='bbox 1086 2172 1215 2220; x_wconf 89' lang='lat' dir='ltr'><strong>rerum</strong></span> <span class='ocrx_word' id='word_1_117' title='bbox 1240 2161 1411 2250; x_wconf 82' lang='lat' dir='ltr'><strong>potentes</strong></span> <span class='ocrx_word' id='word_1_118' title='bbox 1432 2172 1516 2248; x_wconf 88' lang='lat' dir='ltr'><strong>per-</strong></span> 
     </span>
     <span class='ocr_line' id='line_1_14' title="bbox 121 2268 1516 2373; baseline 0.005 -37"><span class='ocrx_word' id='word_1_119' title='bbox 121 2290 214 2341; x_wconf 85' lang='lat' dir='ltr'><strong>vorse</strong></span> <span class='ocrx_word' id='word_1_120' title='bbox 240 2268 451 2344; x_wconf 89' lang='lat' dir='ltr'><strong>consulunt</strong></span> <span class='ocrx_word' id='word_1_121' title='bbox 473 2284 511 2344; x_wconf 89' lang='lat' dir='ltr'><strong>et</strong></span> <span class='ocrx_word' id='word_1_122' title='bbox 530 2293 575 2344; x_wconf 88' lang='lat' dir='ltr'><strong>eo</strong></span> <span class='ocrx_word' id='word_1_123' title='bbox 596 2294 635 2343; x_wconf 88' lang='lat' dir='ltr'><strong>se</strong></span> <span class='ocrx_word' id='word_1_124' title='bbox 647 2268 874 2345; x_wconf 79' lang='lat' dir='ltr'><strong>munitiores</strong></span> <span class='ocrx_word' id='word_1_125' title='bbox 896 2282 1054 2372; x_wconf 83' lang='lat' dir='ltr'><strong>putant,</strong></span> <span class='ocrx_word' id='word_1_126' title='bbox 1082 2295 1159 2373; x_wconf 89' lang='lat' dir='ltr'><strong>quo</strong></span> <span class='ocrx_word' id='word_1_127' title='bbox 1181 2268 1259 2361; x_wconf 91' lang='lat' dir='ltr'><strong>illi,</strong></span> <span class='ocrx_word' id='word_1_128' title='bbox 1289 2270 1430 2373; x_wconf 79' lang='lat' dir='ltr'><strong>quibus</strong></span> <span class='ocrx_word' id='word_1_129' title='bbox 1446 2272 1516 2343; x_wconf 91' lang='lat' dir='ltr'><strong>im·</strong></span> 
     </span>
     <span class='ocr_line' id='line_1_15' title="bbox 121 2391 1516 2497; baseline 0.004 -35"><span class='ocrx_word' id='word_1_130' title='bbox 121 2391 296 2489; x_wconf 86' lang='lat' dir='ltr'><strong>peritant,</strong></span> <span class='ocrx_word' id='word_1_131' title='bbox 322 2393 522 2494; x_wconf 86' lang='lat' dir='ltr'><strong>nequiores</strong></span> <span class='ocrx_word' id='word_1_132' title='bbox 544 2391 657 2467; x_wconf 88' lang='lat' dir='ltr'><strong>fuere.</strong></span> <span class='ocrx_word' id='word_1_133' title='bbox 697 2396 747 2467; x_wconf 89' lang='lat' dir='ltr'><strong>At</strong></span> <span class='ocrx_word' id='word_1_134' title='bbox 768 2407 900 2467; x_wconf 87' lang='lat' dir='ltr'><strong>contra</strong></span> <span class='ocrx_word' id='word_1_135' title='bbox 922 2392 962 2467; x_wconf 94' lang='lat' dir='ltr'><strong>id</strong></span> <span class='ocrx_word' id='word_1_136' title='bbox 981 2392 1075 2466; x_wconf 86' lang='lat' dir='ltr'><strong>eniti</strong></span> <span class='ocrx_word' id='word_1_137' title='bbox 1095 2393 1218 2483; x_wconf 89' lang='lat' dir='ltr'><strong>decet,</strong></span> <span class='ocrx_word' id='word_1_138' title='bbox 1243 2418 1332 2467; x_wconf 89' lang='lat' dir='ltr'><strong>cum</strong></span> <span class='ocrx_word' id='word_1_139' title='bbox 1352 2393 1430 2497; x_wconf 86' lang='lat' dir='ltr'><strong>ipse</strong></span> <span class='ocrx_word' id='word_1_140' title='bbox 1447 2394 1516 2467; x_wconf 90' lang='lat' dir='ltr'><strong>bo·</strong></span> 
     </span>
     <span class='ocr_line' id='line_1_16' title="bbox 121 2515 1517 2623; baseline 0.004 -38"><span class='ocrx_word' id='word_1_141' title='bbox 121 2538 185 2588; x_wconf 87' lang='lat' dir='ltr'><strong>nus</strong></span> <span class='ocrx_word' id='word_1_142' title='bbox 198 2532 315 2619; x_wconf 86' lang='lat' dir='ltr'><strong>atque</strong></span> <span class='ocrx_word' id='word_1_143' title='bbox 329 2532 507 2591; x_wconf 85' lang='lat' dir='ltr'><strong>strenuus</strong></span> <span class='ocrx_word' id='word_1_144' title='bbox 525 2515 589 2610; x_wconf 86' lang='lat' dir='ltr'><strong>sis,</strong></span> <span class='ocrx_word' id='word_1_145' title='bbox 605 2517 663 2591; x_wconf 92' lang='lat' dir='ltr'><strong>uti</strong></span> <span class='ocrx_word' id='word_1_146' title='bbox 677 2544 793 2619; x_wconf 87' lang='lat' dir='ltr'><strong>quam</strong></span> <span class='ocrx_word' id='word_1_147' title='bbox 807 2516 973 2623; x_wconf 89' lang='lat' dir='ltr'><strong>optumis</strong></span> <span class='ocrx_word' id='word_1_148' title='bbox 987 2516 1185 2620; x_wconf 76' lang='lat' dir='ltr'><strong>imperitas.</strong></span> <span class='ocrx_word' id='word_1_149' title='bbox 1212 2518 1309 2591; x_wconf 85' lang='lat' dir='ltr'><strong>Nam</strong></span> <span class='ocrx_word' id='word_1_150' title='bbox 1321 2542 1517 2621; x_wconf 87' lang='lat' dir='ltr'><strong>pessumus</strong></span> 
     </span>
     <span class='ocr_line' id='line_1_17' title="bbox 122 2638 1513 2745; baseline 0.002 -32"><span class='ocrx_word' id='word_1_151' title='bbox 122 2638 274 2742; x_wconf 86' lang='lat' dir='ltr'><strong>quisque</strong></span> <span class='ocrx_word' id='word_1_152' title='bbox 286 2662 504 2745; x_wconf 73' lang='lat' dir='ltr'><strong>asperrume</strong></span> <span class='ocrx_word' id='word_1_153' title='bbox 516 2654 700 2714; x_wconf 79' lang='lat' dir='ltr'><strong>tectomm</strong></span> <span class='ocrx_word' id='word_1_154' title='bbox 716 2640 871 2744; x_wconf 86' lang='lat' dir='ltr'><strong>patitur.</strong></span> <span class='ocrx_word' id='word_1_155' title='bbox 898 2638 970 2713; x_wconf 90' lang='lat' dir='ltr'><strong>Sed</strong></span> <span class='ocrx_word' id='word_1_156' title='bbox 988 2640 1056 2713; x_wconf 90' lang='lat' dir='ltr'><strong>tibi</strong></span> <span class='ocrx_word' id='word_1_157' title='bbox 1069 2638 1145 2715; x_wconf 88' lang='lat' dir='ltr'><strong>hoc</strong></span> <span class='ocrx_word' id='word_1_158' title='bbox 1160 2640 1309 2745; x_wconf 82' lang='lat' dir='ltr'><strong>gravius</strong></span> <span class='ocrx_word' id='word_1_159' title='bbox 1319 2658 1381 2732; x_wconf 89' lang='lat' dir='ltr'><strong>est,</strong></span> <span class='ocrx_word' id='word_1_160' title='bbox 1396 2668 1513 2744; x_wconf 84' lang='lat' dir='ltr'><strong>qnam</strong></span> 
     </span>
     <span class='ocr_line' id='line_1_18' title="bbox 125 2763 1515 2869; baseline 0.006 -37"><span class='ocrx_word' id='word_1_161' title='bbox 125 2780 200 2838; x_wconf 88' lang='lat' dir='ltr'><strong>ante</strong></span> <span class='ocrx_word' id='word_1_162' title='bbox 215 2781 250 2839; x_wconf 91' lang='lat' dir='ltr'><strong>te</strong></span> <span class='ocrx_word' id='word_1_163' title='bbox 267 2763 463 2855; x_wconf 90' lang='lat' dir='ltr'><strong>omnibus,</strong></span> <span class='ocrx_word' id='word_1_164' title='bbox 476 2764 591 2839; x_wconf 85' lang='lat' dir='ltr'><strong>armis</strong></span> <span class='ocrx_word' id='word_1_165' title='bbox 608 2781 717 2869; x_wconf 84' lang='lat' dir='ltr'><strong>parta</strong></span> <span class='ocrx_word' id='word_1_166' title='bbox 734 2790 978 2867; x_wconf 84' lang='lat' dir='ltr'><strong>componere3</strong></span> <span class='ocrx_word' id='word_1_167' title='bbox 991 2763 1096 2864; x_wconf 89' lang='lat' dir='ltr'><strong>quod</strong></span> <span class='ocrx_word' id='word_1_168' title='bbox 1113 2765 1260 2839; x_wconf 87' lang='lat' dir='ltr'><strong>bellum</strong></span> <span class='ocrx_word' id='word_1_169' title='bbox 1272 2764 1437 2840; x_wconf 87' lang='lat' dir='ltr'><strong>aliorum</strong></span> <span class='ocrx_word' id='word_1_170' title='bbox 1447 2794 1515 2869; x_wconf 87' lang='lat' dir='ltr'><strong>pa-</strong></span> 
     </span>
     <span class='ocr_line' id='line_1_19' title="bbox 124 2886 1517 2992; baseline 0.005 -34"><span class='ocrx_word' id='word_1_171' title='bbox 124 2910 159 2960; x_wconf 88' lang='lat' dir='ltr'><strong>ce</strong></span> <span class='ocrx_word' id='word_1_172' title='bbox 182 2890 335 2965; x_wconf 90' lang='lat' dir='ltr'><strong>mollius</strong></span> <span class='ocrx_word' id='word_1_173' title='bbox 357 2889 524 2992; x_wconf 74' lang='lat' dir='ltr'><strong>gessisti:</strong></span> <span class='ocrx_word' id='word_1_174' title='bbox 561 2888 611 2963; x_wconf 92' lang='lat' dir='ltr'><strong>ad</strong></span> <span class='ocrx_word' id='word_1_175' title='bbox 635 2886 709 2963; x_wconf 91' lang='lat' dir='ltr'><strong>hoc</strong></span> <span class='ocrx_word' id='word_1_176' title='bbox 734 2886 890 2961; x_wconf 85' lang='lat' dir='ltr'><strong>victores</strong></span> <span class='ocrx_word' id='word_1_177' title='bbox 913 2886 1082 2991; x_wconf 72' lang='lat' dir='ltr'><strong>piaedam</strong></span> <span class='ocrx_word' id='word_1_178' title='bbox 1103 2904 1262 2991; x_wconf 86' lang='lat' dir='ltr'><strong>petunt,</strong></span> <span class='ocrx_word' id='word_1_179' title='bbox 1293 2890 1386 2966; x_wconf 75' lang='lat' dir='ltr'><strong>uicti</strong></span> <span class='ocrx_word' id='word_1_180' title='bbox 1418 2890 1517 2965; x_wconf 78' lang='lat' dir='ltr'><strong>cives</strong></span> 
     </span>
     <span class='ocr_line' id='line_1_20' title="bbox 122 3011 1514 3119; baseline 0.006 -38"><span class='ocrx_word' id='word_1_181' title='bbox 122 3028 211 3086; x_wconf 87' lang='lat' dir='ltr'><strong>sunt.</strong></span> <span class='ocrx_word' id='word_1_182' title='bbox 234 3017 342 3089; x_wconf 86' lang='lat' dir='ltr'><strong>Inter</strong></span> <span class='ocrx_word' id='word_1_183' title='bbox 351 3011 418 3086; x_wconf 88' lang='lat' dir='ltr'><strong>has</strong></span> <span class='ocrx_word' id='word_1_184' title='bbox 439 3013 677 3088; x_wconf 84' lang='lat' dir='ltr'><strong>difficultates</strong></span> <span class='ocrx_word' id='word_1_185' title='bbox 689 3011 930 3089; x_wconf 83' lang='lat' dir='ltr'><strong>evadendum</strong></span> <span class='ocrx_word' id='word_1_186' title='bbox 946 3026 1001 3087; x_wconf 80' lang='lat' dir='ltr'><strong>est</strong></span> <span class='ocrx_word' id='word_1_187' title='bbox 1022 3012 1110 3101; x_wconf 92' lang='lat' dir='ltr'><strong>tibi,</strong></span> <span class='ocrx_word' id='word_1_188' title='bbox 1136 3026 1252 3115; x_wconf 89' lang='lat' dir='ltr'><strong>atque</strong></span> <span class='ocrx_word' id='word_1_189' title='bbox 1265 3012 1306 3088; x_wconf 92' lang='lat' dir='ltr'><strong>in</strong></span> <span class='ocrx_word' id='word_1_190' title='bbox 1320 3030 1514 3119; x_wconf 81' lang='lat' dir='ltr'><strong>posterum</strong></span> 
     </span>
     <span class='ocr_line' id='line_1_21' title="bbox 122 3131 1513 3240; baseline 0.004 -35"><span class='ocrx_word' id='word_1_191' title='bbox 122 3131 301 3213; x_wconf 86' lang='lat' dir='ltr'><strong>firmanda</strong></span> <span class='ocrx_word' id='word_1_192' title='bbox 329 3136 561 3240; x_wconf 79' lang='lat' dir='ltr'><strong>respublica,</strong></span> <span class='ocrx_word' id='word_1_193' title='bbox 592 3162 672 3211; x_wconf 90' lang='lat' dir='ltr'><strong>non</strong></span> <span class='ocrx_word' id='word_1_194' title='bbox 696 3135 816 3209; x_wconf 86' lang='lat' dir='ltr'><strong>armis</strong></span> <span class='ocrx_word' id='word_1_195' title='bbox 835 3134 966 3225; x_wconf 90' lang='lat' dir='ltr'><strong>modo,</strong></span> <span class='ocrx_word' id='word_1_196' title='bbox 1000 3162 1127 3238; x_wconf 90' lang='lat' dir='ltr'><strong>neque</strong></span> <span class='ocrx_word' id='word_1_197' title='bbox 1149 3135 1351 3213; x_wconf 79' lang='lat' dir='ltr'><strong>advorsum</strong></span> <span class='ocrx_word' id='word_1_198' title='bbox 1375 3135 1513 3228; x_wconf 82' lang='lat' dir='ltr'><strong>hostis,</strong></span> 
     </span>
     <span class='ocr_line' id='line_1_22' title="bbox 121 3258 1514 3365; baseline 0 -32"><span class='ocrx_word' id='word_1_199' title='bbox 121 3258 178 3333; x_wconf 82' lang='lat' dir='ltr'><strong>scd</strong></span> <span class='ocrx_word' id='word_1_200' title='bbox 200 3262 306 3364; x_wconf 92' lang='lat' dir='ltr'><strong>quod</strong></span> <span class='ocrx_word' id='word_1_201' title='bbox 335 3261 458 3336; x_wconf 89' lang='lat' dir='ltr'><strong>multo</strong></span> <span class='ocrx_word' id='word_1_202' title='bbox 486 3260 610 3335; x_wconf 87' lang='lat' dir='ltr'><strong>maius</strong></span> <span class='ocrx_word' id='word_1_203' title='bbox 641 3259 842 3362; x_wconf 89' lang='lat' dir='ltr'><strong>multoque</strong></span> <span class='ocrx_word' id='word_1_204' title='bbox 870 3260 1036 3363; x_wconf 85' lang='lat' dir='ltr'><strong>asperius</strong></span> <span class='ocrx_word' id='word_1_205' title='bbox 1066 3276 1138 3350; x_wconf 88' lang='lat' dir='ltr'><strong>est,</strong></span> <span class='ocrx_word' id='word_1_206' title='bbox 1164 3260 1275 3336; x_wconf 92' lang='lat' dir='ltr'><strong>bonis</strong></span> <span class='ocrx_word' id='word_1_207' title='bbox 1293 3261 1396 3365; x_wconf 87' lang='lat' dir='ltr'><strong>pacis</strong></span> <span class='ocrx_word' id='word_1_208' title='bbox 1422 3260 1514 3334; x_wconf 70' lang='lat' dir='ltr'><strong>arti-</strong></span> 
     </span>
     <span class='ocr_line' id='line_1_23' title="bbox 121 3380 1516 3490; baseline 0.004 -37"><span class='ocrx_word' id='word_1_209' title='bbox 121 3380 192 3459; x_wconf 80' lang='lat' dir='ltr'><strong>bus</strong></span> <span class='ocrx_word' id='word_1_210' title='bbox 227 3387 329 3490; x_wconf 81' lang='lat' dir='ltr'><strong>Ergo</strong></span> <span class='ocrx_word' id='word_1_211' title='bbox 347 3384 485 3473; x_wconf 88' lang='lat' dir='ltr'><strong>omnis,</strong></span> <span class='ocrx_word' id='word_1_212' title='bbox 510 3409 664 3488; x_wconf 81' lang='lat' dir='ltr'><strong>magna,</strong></span> <span class='ocrx_word' id='word_1_213' title='bbox 682 3381 865 3457; x_wconf 86' lang='lat' dir='ltr'><strong>mediocri</strong></span> <span class='ocrx_word' id='word_1_214' title='bbox 884 3381 1069 3485; x_wconf 86' lang='lat' dir='ltr'><strong>sapientia</strong></span> <span class='ocrx_word' id='word_1_215' title='bbox 1091 3407 1149 3457; x_wconf 88' lang='lat' dir='ltr'><strong>res</strong></span> <span class='ocrx_word' id='word_1_216' title='bbox 1174 3380 1254 3459; x_wconf 87' lang='lat' dir='ltr'><strong>huc</strong></span> <span class='ocrx_word' id='word_1_217' title='bbox 1272 3398 1402 3460; x_wconf 82' lang='lat' dir='ltr'><strong>vocat:</strong></span> <span class='ocrx_word' id='word_1_218' title='bbox 1427 3408 1516 3488; x_wconf 82' lang='lat' dir='ltr'><strong>quae</strong></span> 
     </span>
     <span class='ocr_line' id='line_1_24' title="bbox 122 3502 1515 3613; baseline 0.002 -32"><span class='ocrx_word' id='word_1_219' title='bbox 122 3508 271 3613; x_wconf 89' lang='lat' dir='ltr'><strong>quisque</strong></span> <span class='ocrx_word' id='word_1_220' title='bbox 296 3525 454 3613; x_wconf 83' lang='lat' dir='ltr'><strong>optuma</strong></span> <span class='ocrx_word' id='word_1_221' title='bbox 484 3524 624 3611; x_wconf 90' lang='lat' dir='ltr'><strong>potest,</strong></span> <span class='ocrx_word' id='word_1_222' title='bbox 657 3507 716 3581; x_wconf 93' lang='lat' dir='ltr'><strong>uti</strong></span> <span class='ocrx_word' id='word_1_223' title='bbox 743 3506 884 3581; x_wconf 82' lang='lat' dir='ltr'><strong>dicant</strong></span> <span class='ocrx_word' id='word_1_224' title='bbox 921 3508 976 3581; x_wconf 85' lang='lat' dir='ltr'><strong>Ac</strong></span> <span class='ocrx_word' id='word_1_225' title='bbox 997 3502 1095 3580; x_wconf 91' lang='lat' dir='ltr'><strong>mihi</strong></span> <span class='ocrx_word' id='word_1_226' title='bbox 1114 3506 1168 3581; x_wconf 89' lang='lat' dir='ltr'><strong>sic</strong></span> <span class='ocrx_word' id='word_1_227' title='bbox 1191 3506 1363 3583; x_wconf 84' lang='lat' dir='ltr'><strong>videtur:</strong></span> <span class='ocrx_word' id='word_1_228' title='bbox 1389 3508 1515 3612; x_wconf 88' lang='lat' dir='ltr'><strong>quali-</strong></span> 
     </span>
     <span class='ocr_line' id='line_1_25' title="bbox 123 3627 1512 3743; baseline 0.002 -38"><span class='ocrx_word' id='word_1_229' title='bbox 123 3654 276 3738; x_wconf 89' lang='lat' dir='ltr'><strong>cumque</strong></span> <span class='ocrx_word' id='word_1_230' title='bbox 299 3630 413 3709; x_wconf 93' lang='lat' dir='ltr'><strong>modo</strong></span> <span class='ocrx_word' id='word_1_231' title='bbox 438 3648 481 3707; x_wconf 91' lang='lat' dir='ltr'><strong>tu</strong></span> <span class='ocrx_word' id='word_1_232' title='bbox 503 3631 702 3708; x_wconf 82' lang='lat' dir='ltr'><strong>victoriam</strong></span> <span class='ocrx_word' id='word_1_233' title='bbox 727 3628 997 3735; x_wconf 80' lang='lat' dir='ltr'><strong>composueris,</strong></span> <span class='ocrx_word' id='word_1_234' title='bbox 1022 3627 1076 3704; x_wconf 86' lang='lat' dir='ltr'><strong>ita</strong></span> <span class='ocrx_word' id='word_1_235' title='bbox 1105 3630 1182 3743; x_wconf 78' lang='lat' dir='ltr'><strong>alia</strong></span> <span class='ocrx_word' id='word_1_236' title='bbox 1210 3633 1339 3709; x_wconf 89' lang='lat' dir='ltr'><strong>omnia</strong></span> <span class='ocrx_word' id='word_1_237' title='bbox 1370 3632 1512 3709; x_wconf 79' lang='lat' dir='ltr'><strong>fauna.</strong></span> 
     </span>
    </p>
   </div>
   <div class='ocr_carea' id='block_1_3' title="bbox 125 3836 1513 4346">
    <p class='ocr_par' dir='ltr' id='par_1_3' title="bbox 125 3836 1513 4346">
     <span class='ocr_line' id='line_1_26' title="bbox 675 3836 947 3903; baseline -0.007 -4"><span class='ocrx_word' id='word_1_238' title='bbox 675 3838 743 3899; x_wconf 73' lang='lat' dir='ltr'><strong>Eri</strong></span> <span class='ocrx_word' id='word_1_239' title='bbox 757 3858 827 3899; x_wconf 81' lang='lat' dir='ltr'><strong>sro</strong></span> <span class='ocrx_word' id='word_1_240' title='bbox 840 3857 881 3897; x_wconf 78' lang='lat' dir='ltr'><strong>ii</strong></span> <span class='ocrx_word' id='word_1_241' title='bbox 921 3836 947 3903; x_wconf 89' lang='grc' dir='ltr'><strong>Ι.</strong></span> 
     </span>
     <span class='ocr_line' id='line_1_27' title="bbox 170 3936 1512 4031; baseline -0.003 -26"><span class='ocrx_word' id='word_1_242' title='bbox 170 4026 173 4031; x_wconf 25' lang='lat'><em>¹</em></span> <span class='ocrx_word' id='word_1_243' title='bbox 196 3942 268 4031; x_wconf 83' lang='lat' dir='ltr'><strong>Cup.</strong></span> <span class='ocrx_word' id='word_1_244' title='bbox 288 3969 315 4009; x_wconf 85' lang='grc' dir='ltr'><strong>ι.</strong></span> <span class='ocrx_word' id='word_1_245' title='bbox 345 3946 471 4029; x_wconf 75' lang='lat' dir='ltr'><strong>Populus</strong></span> <span class='ocrx_word' id='word_1_246' title='bbox 494 3944 645 4007; x_wconf 85' lang='lat' dir='ltr'><strong>Romanus</strong></span> <span class='ocrx_word' id='word_1_247' title='bbox 659 3966 717 4027; x_wconf 82' lang='lat' dir='ltr'><strong>pro</strong></span> <span class='ocrx_word' id='word_1_248' title='bbox 741 3965 812 4006; x_wconf 83' lang='lat' dir='ltr'><strong>vcro</strong></span> <span class='ocrx_word' id='word_1_249' title='bbox 832 3942 931 4004; x_wconf 83' lang='lat' dir='ltr'><strong>Ursini</strong></span> <span class='ocrx_word' id='word_1_250' title='bbox 946 3940 1036 4017; x_wconf 72' lang='lat' dir='ltr'><strong>liber,</strong></span> <span class='ocrx_word' id='word_1_251' title='bbox 1057 3942 1128 4003; x_wconf 82' lang='lat' dir='ltr'><strong>itam</strong></span> <span class='ocrx_word' id='word_1_252' title='bbox 1147 3936 1232 4004; x_wconf 72' lang='lat' dir='ltr'><strong>Febr.</strong></span> <span class='ocrx_word' id='word_1_253' title='bbox 1251 3939 1365 4003; x_wconf 81' lang='lat' dir='ltr'><strong>etBric.</strong></span> <span class='ocrx_word' id='word_1_254' title='bbox 1384 3936 1435 3999; x_wconf 82' lang='lat' dir='ltr'><strong>sed</strong></span> <span class='ocrx_word' id='word_1_255' title='bbox 1455 3960 1512 4021; x_wconf 79' lang='lat' dir='ltr'><strong>pro</strong></span> 
     </span>
     <span class='ocr_line' id='line_1_28' title="bbox 125 4040 1513 4137; baseline -0.004 -26"><span class='ocrx_word' id='word_1_256' title='bbox 125 4050 228 4137; x_wconf 69' lang='lat' dir='ltr'><strong>ciuisse.</strong></span> <span class='ocrx_word' id='word_1_257' title='bbox 239 4055 366 4131; x_wconf 74' lang='lat' dir='ltr'><strong>sudium</strong></span> <span class='ocrx_word' id='word_1_258' title='bbox 381 4074 437 4115; x_wconf 75' lang='lat' dir='ltr'><strong>esse</strong></span> <span class='ocrx_word' id='word_1_259' title='bbox 452 4073 510 4114; x_wconf 77' lang='lat' dir='ltr'><strong>succ</strong></span> <span class='ocrx_word' id='word_1_260' title='bbox 530 4060 667 4133; x_wconf 82' lang='lat' dir='ltr'><strong>pronum.</strong></span> <span class='ocrx_word' id='word_1_261' title='bbox 688 4072 750 4112; x_wconf 89' lang='lat' dir='ltr'><strong>om.</strong></span> <span class='ocrx_word' id='word_1_262' title='bbox 765 4051 847 4113; x_wconf 80' lang='lat' dir='ltr'><strong>Pabr.</strong></span> <span class='ocrx_word' id='word_1_263' title='bbox 872 4060 901 4109; x_wconf 83' lang='lat' dir='ltr'><strong>et</strong></span> <span class='ocrx_word' id='word_1_264' title='bbox 920 4044 996 4115; x_wconf 81' lang='lat' dir='ltr'><strong>liric.</strong></span> <span class='ocrx_word' id='word_1_265' title='bbox 1014 4054 1197 4129; x_wconf 72' lang='lat' dir='ltr'><strong>praegressus</strong></span> <span class='ocrx_word' id='word_1_266' title='bbox 1216 4064 1319 4105; x_wconf 81' lang='lat' dir='ltr'><strong>omnes</strong></span> <span class='ocrx_word' id='word_1_267' title='bbox 1335 4040 1412 4103; x_wconf 85' lang='lat' dir='ltr'><strong>libri.</strong></span> <span class='ocrx_word' id='word_1_268' title='bbox 1430 4062 1513 4122; x_wconf 79' lang='lat' dir='ltr'><strong>proe-</strong></span> 
     </span>
     <span class='ocr_line' id='line_1_29' title="bbox 126 4142 1512 4236; baseline -0.006 -18"><span class='ocrx_word' id='word_1_269' title='bbox 126 4159 206 4233; x_wconf 69' lang='lat' dir='ltr'><strong>ftrgr.</strong></span> <span class='ocrx_word' id='word_1_270' title='bbox 224 4158 296 4219; x_wconf 89' lang='lat' dir='ltr'><strong>olim</strong></span> <span class='ocrx_word' id='word_1_271' title='bbox 314 4157 437 4219; x_wconf 85' lang='lat' dir='ltr'><strong>editum.</strong></span> <span class='ocrx_word' id='word_1_272' title='bbox 458 4158 537 4236; x_wconf 85' lang='lat' dir='ltr'><strong>quod</strong></span> <span class='ocrx_word' id='word_1_273' title='bbox 550 4156 655 4217; x_wconf 79' lang='lat' dir='ltr'><strong>beilum</strong></span> <span class='ocrx_word' id='word_1_274' title='bbox 674 4156 768 4222; x_wconf 79' lang='lat' dir='ltr'><strong>Vatis.</strong></span> <span class='ocrx_word' id='word_1_275' title='bbox 789 4142 868 4235; x_wconf 72' lang='lat' dir='ltr'><strong>quod</strong></span> <span class='ocrx_word' id='word_1_276' title='bbox 883 4152 971 4215; x_wconf 72' lang='lat' dir='ltr'><strong>ceteri</strong></span> <span class='ocrx_word' id='word_1_277' title='bbox 987 4174 1049 4214; x_wconf 89' lang='lat' dir='ltr'><strong>om.</strong></span> <span class='ocrx_word' id='word_1_278' title='bbox 1069 4170 1181 4235; x_wconf 82' lang='lat' dir='ltr'><strong>magna</strong></span> <span class='ocrx_word' id='word_1_279' title='bbox 1198 4148 1353 4221; x_wconf 68' lang='lat' dir='ltr'><strong>medsbcrss</strong></span> <span class='ocrx_word' id='word_1_280' title='bbox 1369 4147 1512 4229; x_wconf 65' lang='lat' dir='ltr'><strong>sapiendi</strong></span> 
     </span>
     <span class='ocr_line' id='line_1_30' title="bbox 128 4245 1284 4346; baseline 0.004 -30"><span class='ocrx_word' id='word_1_281' title='bbox 128 4256 161 4317; x_wconf 79' lang='lat' dir='ltr'><strong>ita</strong></span> <span class='ocrx_word' id='word_1_282' title='bbox 178 4258 256 4324; x_wconf 78' lang='lat' dir='ltr'><strong>fabr.</strong></span> <span class='ocrx_word' id='word_1_283' title='bbox 276 4274 306 4326; x_wconf 85' lang='lat' dir='ltr'><strong>ct</strong></span> <span class='ocrx_word' id='word_1_284' title='bbox 322 4262 398 4331; x_wconf 77' lang='lat' dir='ltr'><strong>Bria.</strong></span> <span class='ocrx_word' id='word_1_285' title='bbox 429 4260 624 4343; x_wconf 71' lang='lat' dir='ltr'><strong>mediocrique</strong></span> <span class='ocrx_word' id='word_1_286' title='bbox 641 4245 741 4346; x_wconf 69' lang='lat' dir='ltr'><strong>rulgo.</strong></span> <span class='ocrx_word' id='word_1_287' title='bbox 762 4258 908 4325; x_wconf 71' lang='lat' dir='ltr'><strong>mediocri</strong></span> <span class='ocrx_word' id='word_1_288' title='bbox 919 4256 1078 4345; x_wconf 82' lang='lat' dir='ltr'><strong>legendum</strong></span> <span class='ocrx_word' id='word_1_289' title='bbox 1090 4276 1204 4322; x_wconf 77' lang='lat' dir='ltr'><strong>centoc-</strong></span> <span class='ocrx_word' id='word_1_290' title='bbox 1278 4297 1284 4307; x_wconf 81' lang='lat'><strong>·</strong></span> 
     </span>
    </p>
   </div>
   <div class='ocr_carea' id='block_1_4' title="bbox 0 0 1930 4867">
    <p class='ocr_par' dir='ltr' id='par_1_4' title="bbox 0 0 1930 4867">
     <span class='ocr_line' id='line_1_31' title="bbox 0 0 1930 4867; baseline 0 0"><span class='ocrx_word' id='word_1_291' title='bbox 0 0 1930 4867; x_wconf 95' lang='lat' dir='ltr'><strong> </strong></span> 
     </span>
    </p>
   </div>
  </div>
 </body>
</html>
