3850 4867
398 329 466 420 ¹24

392 505 524 581 cedere
548 504 706 581 instanti
731 525 770 582 et
798 508 932 614 paullo
957 523 1062 613 post,
1096 535 1145 583 ne
1171 505 1229 582 sui
1262 505 1494 593 diffiderent,
1519 501 1692 575 instare:
1728 494 1776 568 ita

393 629 485 704 belli
516 629 657 722 modo,
692 627 806 707 modo
833 634 937 736 pacis
963 659 1091 720 mora,
1127 628 1329 706 Consulem
1349 627 1555 704 ludificare.
1595 629 1649 699 Ac
1669 620 1781 706 luere,
1881 685 1882 690 ,

392 753 461 856 qui
480 769 565 828 tum
586 754 772 829 Albinum
797 754 903 830 haud
923 757 1099 860 ignarum
1126 754 1274 829 consilii
1295 753 1387 856 regis
1409 751 1698 835 existumarent,
1722 767 1783 817 ne·

393 904 468 981 que
487 905 533 952 ex
549 893 655 952 tanta
681 881 926 982 properantia
940 897 1019 954 tam
1037 878 1148 954 facile
1171 895 1336 954 tractum
1356 876 1501 951 bellum
1524 871 1691 950 socordia
1710 893 1784 941 ma·

392 1001 446 1105 gis
469 1029 587 1103 quam
613 1000 702 1076 dolo
721 1001 924 1078 crederent
963 1003 1035 1078 Sed
1054 1019 1276 1106 postquam,
1300 1001 1446 1104 dilapso
1468 1015 1656 1103 tempore,
1677 991 1785 1067 comi-

394 1125 535 1200 tiorum
553 1123 631 1200 dies
648 1125 897 1220 adventabat3
927 1127 1108 1215 Albinus,
1131 1125 1230 1200 Aulo
1247 1125 1364 1200 fratre
1388 1123 1579 1199 incastris
1602 1147 1673 1224 pro
1696 1119 1785 1190 Pia-

345 1262 474 1340 37tone
496 1248 648 1339 relicto,
668 1251 829 1323 Romam
850 1249 1011 1324 decessit.
1063 1251 1117 1325 Ea
1147 1266 1365 1353 tempestate
1395 1251 1522 1324 Romae
1544 1241 1785 1321 seditionibus

394 1373 611 1448 tribuniciis
652 1373 831 1448 atrociter
864 1373 1077 1478 respublica
1117 1375 1339 1480 agitabatur.
1390 1377 1427 1448 P.
1461 1369 1645 1448 Lucullus
1685 1383 1721 1442 et
1750 1367 1786 1436 L

399 1497 568 1585 Annius,
579 1496 727 1570 tribuni
738 1497 876 1600 plebis,
898 1498 1155 1574 resistentibus
1173 1498 1341 1603 collegis,
1356 1498 1585 1574 continuare
1602 1492 1787 1594 magistra-

393 1637 477 1696 tum
508 1620 759 1695 nitebantur:
794 1647 881 1724 quae
909 1621 1088 1698 dissensio
1112 1623 1227 1697 totius
1257 1623 1350 1696 anni
1377 1621 1529 1696 comitia
1553 1615 1787 1720 impediebat.

392 1746 447 1819 Ea
468 1751 573 1820 mora
599 1745 640 1817 in
665 1771 770 1848 spem
793 1744 981 1821 adductus
1001 1745 1139 1835 Aulus,
1164 1773 1280 1849 quem
1310 1772 1379 1849 pro
1407 1748 1571 1820 Praetore
1603 1738 1788 1816 incastris

393 1867 570 1942 relictum
587 1894 701 1972 supra
719 1867 885 1943 diximus
897 1928 907 1961 ,
918 1885 988 1944 aut
1008 1867 1243 1944 conficiundi
1258 1869 1350 1943 belli
1371 1886 1439 1944 aut
1457 1884 1599 1943 terrore
1611 1863 1789 1941 exercitus

394 1993 444 2066 ab
473 2018 558 2096 rege
577 1991 752 2094 pecuniae
769 1992 1004 2096 'capiundae,
1032 1993 1169 2070 milites
1189 2019 1316 2069 mense
1342 1993 1522 2068 Ianuario
1558 2017 1604 2066 ex
1624 1984 1789 2064 hibernis

394 2114 437 2188 in'
471 2114 752 2219 expeditionem
783 2134 942 2211 evocat3
971 2117 1194 2221 magnisque
1225 2116 1443 2210 itineribus,
1481 2115 1607 2192 hieme
1643 2137 1789 2218 aspera,

394 2238 567 2344 pervenit
598 2238 648 2313 ad
685 2239 872 2342 oppidum
899 2237 1060 2334 Suthul,
1089 2242 1158 2316 ubi
1192 2243 1285 2348 regis
1316 2241 1484 2318 thesauri
1508 2257 1626 2316 erant.
1679 2231 1789 2355 Quod

394 2386 630 2466 quamquam
653 2377 692 2437 et
714 2362 853 2437 soevitia
876 2365 1075 2468 temporis,
1107 2381 1145 2440 et
1168 2367 1456 2470 opportunitate
1482 2364 1556 2442 loci
1582 2389 1707 2469 neque
1734 2387 1790 2436 ca-

394 2487 455 2590 pi,
479 2512 604 2588 neque
619 2486 781 2561 obsideri
801 2503 966 2590 poterat:
991 2489 1108 2584 (nam
1125 2490 1270 2564 circum
1293 2517 1468 2581 murum,
1502 2491 1619 2566 situm
1635 2489 1677 2562 in
1702 2509 1790 2590 prte-

394 2608 501 2712 rupti
516 2610 655 2684 montis
671 2627 857 2701 extremo,
879 2610 1056 2715 planities
1077 2613 1207 2688 limosa
1233 2613 1460 2690 hiemalibus
1485 2612 1594 2720 aquis
1615 2610 1790 2718 paludem

395 2731 562 2832 fecerat)
589 2751 713 2808 tamen
736 2751 804 2808 aut
825 2734 1033 2811 simulandi
1056 2737 1194 2840 gratia,
1220 2765 1297 2842 quo
1316 2738 1392 2842 regi
1414 2737 1658 2812 formidinem
1681 2732 1789 2809 adde·

395 2873 474 2947 ret,
499 2873 567 2932 aut
590 2856 772 2962 cupidine
795 2883 914 2934 oaeous
940 2859 989 2934 ob
1011 2859 1202 2938 thesauros
1221 2861 1351 2966 oppidi
1389 2859 1586 2966 potiundi,
1608 2859 1735 2934 vineas
1752 2884 1787 2930 a-

301 3079 310 3095 *
364 3031 371 3040 ι
395 3056 471 3116 Edit
493 3060 596 3118 cedere
612 3055 679 3119 inst.
702 3059 760 3119 Erl.
779 3059 848 3142 Τις.
862 3059 924 3119 Bas.
938 3081 962 3120 ι.
973 3061 1001 3132 Δ.
1016 3059 1085 3124 Τιιι.
1099 3058 1183 3119 Bern.
1195 3065 1221 3122 3.
1232 3029 1329 3120 'Rom
1344 3061 1457 3122 disccss.
1478 3057 1575 3122 Guell.
1594 3080 1620 3124 1.
1636 3065 1665 3123 3.
1686 3059 1752 3122 vin.
1767 3078 1788 3116 ι.

393 3162 548 3228 Fabulae.
562 3185 588 3223 1.
602 3165 668 3223 Seu.
684 3187 709 3224 ι.
731 3185 835 3224 macc.
855 3164 934 3223 Leid.
947 3189 973 3224 c.
985 3167 1004 3223 s.
1015 3163 1045 3224 h.
1056 3167 1075 3223 l.
1086 3163 1158 3228 &duo
1170 3165 1256 3226 liirii.
1278 3171 1375 3246 piures
1388 3165 1446 3224 Pal.
1466 3163 1576 3226 seusu
1590 3163 1686 3229 Guell.
1697 3186 1724 3245 7.
1745 3181 1788 3222 rs-

393 3267 474 3330 canit
482 3267 550 3330 vin.
561 3291 589 3330 a.
606 3268 655 3331 dc.
666 3271 746 3331 Vrat.
760 3290 786 3334 2.
806 3271 902 3333 Struv.
923 3271 984 3331 inc.
996 3268 1115 3328 mllem.
1129 3289 1157 3329 a.
1176 3269 1280 3330 Frano.
1301 3269 1396 3329 Gueli.
1408 3271 1436 3340 l.
1450 3291 1495 3328 ιι.
1515 3269 1631 3329 Leida.
1641 3268 1742 3350 nug.
1752 3287 1787 3324 m.

476 3421 550 3505 Cap.
562 3426 612 3507 37.
633 3445 716 3505 quem
732 3423 892 3486 Proetorcm
912 3421 997 3482 Fabi.
1019 3442 1046 3499 a.
1056 3443 1112 3502 pro
1127 3421 1287 3482 Pretorem
1307 3423 1374 3482 Ecc.
1392 3443 1447 3504 pro
1463 3423 1591 3482 Pratora
1611 3417 1704 3482 corui
1722 3423 1787 3502 plu-

396 3528 465 3588 rimi
490 3528 568 3587 libri.
592 3533 683 3590 nostri
701 3547 812 3592 omncs.
835 3531 938 3603 confir.
954 3527 1029 3586 belli.
1050 3529 1100 3587 alii
1115 3525 1182 3587 libri
1202 3547 1306 3600 consa,
1327 3526 1512 3608 unigradu,
1533 3529 1584 3586 alii
1603 3546 1651 3607 spe
1670 3525 1788 3586 addunt.

396 3633 475 3709 quod
486 3651 602 3711 quamq.
621 3653 710 3714 pron.
729 3653 791 3715 orn.
810 3632 879 3714 Τις.
899 3631 997 3693 Turio.
1026 3651 1066 3691 m.
1080 3653 1136 3710 sco.
1156 3633 1271 3694 adiecit.
1292 3652 1355 3713 cap·
1370 3652 1433 3714 pec.
1453 3633 1522 3716 Teg.
1542 3651 1580 3692 ea
1598 3627 1788 3694 hibernaculis

393 3736 490 3799 Strur·
510 3737 570 3796 inc.
587 3759 613 3796 1.
633 3735 751 3798 Vnst-3.
771 3736 868 3797 Guels.
879 3736 908 3806 ,4.
918 3758 947 3814 9.
964 3758 1010 3800 ιι.
1025 3757 1070 3796 ιι.
1096 3736 1176 3798 Leid.
1187 3757 1212 3802 a.
1220 3735 1251 3797 h.
1261 3759 1291 3796 ιι.
1322 3737 1437 3818 magnas
1453 3737 1517 3797 itin.
1544 3735 1630 3796 Fabr.
1651 3735 1750 3796 Gueli.
1762 3754 1785 3794 ι.

398 3860 444 3900 ιι.
463 3839 533 3900 Τιιι.
552 3841 612 3900 Eri.
632 3839 692 3900 Bas.
704 3841 733 3911 d.
753 3861 790 3902 ao
801 3841 917 3920 magau
934 3840 1019 3906 Fabr.
1033 3861 1059 3904 a.
1080 3843 1117 3903 ob
1134 3843 1205 3904 thes.
1221 3864 1286 3922 opp.
1306 3864 1367 3904 om.
1386 3843 1446 3903 duo
1463 3843 1577 3906 ll'sssii.
1592 3841 1628 3902 ob
1642 3841 1787 3904 thesauros

392 3944 550 4024 potirmdos
568 3944 636 4028 Τις.
656 3944 769 4006 Fabric.
786 3966 813 4006 1.
833 3946 964 4006 iterant
979 3969 1027 4027 op.
1045 3947 1143 4011 Gnelt'.
1153 3970 1183 4028 9.
1209 3948 1272 4008 ulio
1287 3967 1351 4025 quo
1365 3969 1439 4008 unus
1454 3947 1566 4008 ll‘assii.
1586 3945 1677 4006 dead.
1696 3946 1786 4006 Strui.

392 4059 562 4129 proeparure
580 4053 678 4131 plures
696 4050 784 4112 llivii.
814 4050 959 4111 Commel.
989 4049 1102 4112 Fabrio.
1123 4051 1191 4117 vin.
1207 4072 1233 4112 ι.
1253 4052 1356 4114 Frano.
1380 4051 1445 4116 Ero.
1463 4053 1561 4138 §trun
1583 4051 1680 4113 Gnell.
1694 4073 1725 4135 9.
1746 4072 1784 4114 ιι.

393 4152 461 4221 sen.
475 4173 501 4217 ι.
523 4153 619 4216 caut.
634 4173 681 4217 ra.
702 4175 743 4215 m.
756 4174 813 4218 tec.
831 4153 893 4214 Bas.
906 4154 936 4227 4.
