3850 4867
374 277 443 356 162

368 455 478 564 suen,
495 484 541 534 80
561 477 648 566 post
666 463 799 568 paullo
822 463 865 542 iu
887 465 1003 544 armis
1018 491 1125 572 spem
1151 463 1316 544 habere:
1340 463 1535 556 dubitare,
1559 461 1693 540 virtuti
1718 486 1770 536 an

368 578 459 656 fidei
476 583 724 688 popularium
744 589 873 666 minus
890 589 1077 684 cruderet3
1102 589 1174 682 ita,
1191 615 1436 694 quocumque
1454 588 1692 677 intenderat,
1715 609 1773 662 ms

367 703 534 784 advena
556 726 675 788 erant
728 711 801 789 Sed
827 713 1009 790 intereas
1038 739 1163 791 moras
1187 723 1341 820 rup'ente
1374 739 1450 790 sese
1479 711 1656 788 Metellus
1681 737 1772 786 cum

366 829 535 906 exercitu
556 834 730 910 ostendit.
777 837 957 914 Numidae
977 838 1026 913 ab
1051 835 1237 942 Iugurtha
1264 865 1335 942 pro
1360 851 1527 942 tempore
1557 836 1684 942 parati
1711 834 1775 910 in-

367 954 605 1058 structiquez
628 956 719 1033 dein
739 961 918 1064 praelium
939 963 1134 1066 incipitur.
1167 963 1256 1060 Qua
1279 963 1321 1037 in
1338 979 1447 1066 parte
1468 989 1534 1037 rex
1549 986 1688 1066 pugnae
1706 959 1775 1034 ad-

369 1075 460 1166 fuit,
485 1077 542 1152 ibi
574 1077 816 1183 aliquamdiu
840 1101 1050 1162 sertatum:
1077 1085 1190 1162 ceteri
1216 1087 1296 1164 eius
1326 1112 1456 1162 omnes
1486 1085 1625 1162 milites
1648 1083 1776 1189 primo

369 1225 571 1307 congressu
600 1205 703 1310 pulsi
733 1206 939 1314 fugatique.
996 1211 1159 1284 Romani
1195 1209 1391 1314 signorum
1418 1225 1456 1284 et
1481 1235 1677 1284 armorum
1707 1205 1780 1282 ali-
1901 1311 1902 1316 Ἰ

372 1343 521 1428 quanto
541 1353 720 1422 numero,
746 1328 915 1410 hostium
935 1361 1150 1438 paucorum
1173 1334 1313 1438 potiti:
1339 1361 1431 1410 uam
1455 1333 1573 1410 ferme
1593 1330 1779 1408 Numidas
1901 1317 1902 1402 l

323 1443 414 1534 7⁵in
436 1450 614 1526 omuibus
636 1455 778 1557 praeliis
800 1458 918 1562 magis
940 1458 1053 1562 pedes
1071 1485 1189 1561 quarn
1209 1483 1314 1532 arma
1339 1473 1460 1532 tutata
1482 1473 1582 1532 sunt.
1616 1457 1670 1530 Ea
1688 1455 1779 1558 fuga
1901 1531 1902 1542 .

369 1572 558 1677 Iugurtha
586 1574 793 1680 impensius
832 1580 946 1657 modo
978 1583 1089 1658 rebus
1118 1582 1194 1658 suis
1225 1581 1398 1660 diffidens
1430 1608 1520 1655 cum
1549 1577 1717 1684 perfugis
1742 1594 1781 1652 et

370 1712 480 1802 parte
499 1699 691 1799 equitatus
711 1703 754 1777 in
768 1703 1002 1798 solitudines,
1034 1704 1126 1781 dein
1138 1703 1302 1778 Thalam
1319 1705 1508 1809 pervenit,
1528 1704 1570 1778 in
1591 1703 1780 1807 oppidum

370 1848 556 1927 magnum
593 1839 709 1928 atque
733 1827 982 1930 opulentum,
1027 1829 1096 1904 ubi
1126 1827 1301 1933 plerique
1331 1825 1496 1904 thesauri
1536 1826 1781 1930 filiorumque

371 1941 452 2022 eius
478 1946 626 2024 multus
648 1951 824 2053 pueritiae
851 1952 979 2028 cultus
1002 1969 1093 2028 erat.
1143 1953 1240 2050 Quae
1269 1967 1471 2054 postquam
1497 1950 1652 2026 Metello
1679 1976 1782 2026 com-

371 2087 480 2174 perta
507 2092 620 2160 sunt,
645 2101 883 2179 quamquam
901 2075 1004 2152 inter
1033 2074 1198 2152 Thalam
1218 2074 1443 2176 flumenque
1467 2074 1713 2179 proximum,
1738 2074 1781 2148 in

375 2303 402 2342 ι.
424 2285 525 2343 irinc.
544 2279 678 2343 leidm.
698 2277 816 2336 Martia.
837 2271 996 2355 plumbant
1012 2271 1082 2333 Ecc.
1102 2271 1181 2332 Vrat.
1191 2272 1221 2338 3.
1239 2273 1393 2354 proeseclos
1406 2271 1439 2334 iu
1454 2277 1486 2335 d.
1508 2273 1597 2336 head.
1614 2275 1782 2354 prqseetus·

373 2407 428 2466 que
446 2389 505 2448 inc.
527 2405 634 2445 ιιιωι.
654 2381 753 2446 Guelf.
765 2402 790 2440 ι.
808 2396 932 2460 proepos.
953 2397 1016 2436 om.
1035 2377 1117 2437 Laid.
1132 2399 1158 2438 c.
1180 2377 1336 2458 insurgam
1354 2379 1474 2440 Vratisl.
1482 2377 1511 2440 3.
1532 2378 1630 2443 Guell.
1647 2379 1677 2448 4.
1690 2399 1720 2459 9.
1736 2399 1782 2436 ιι.

371 2493 546 2573 postpuullo
565 2490 682 2550 Gruter.
703 2486 766 2546 Bas.
782 2507 808 2544 ι.
829 2505 897 2544 cum
918 2481 1010 2543 tribus
1030 2484 1094 2541 aliis
1111 2481 1207 2542 Curtii
1230 2483 1320 2544 libris.
1342 2483 1422 2544 Laid.
1437 2487 1459 2544 l.
1483 2483 1585 2565 paullo
1599 2493 1664 2564 pust
1685 2485 1781 2542 ceteri.

375 2596 410 2654 in
424 2595 516 2655 armis
528 2615 608 2675 spem
622 2592 729 2652 tatere
749 2589 808 2650 hoc
825 2587 929 2649 ordine
949 2607 1051 2645 ornum
1066 2588 1123 2648 fere
1140 2587 1218 2648 libri.
1239 2608 1318 2668 spem
1334 2587 1368 2648 in
1384 2589 1474 2650 armis
1494 2591 1534 2650 ita
1550 2588 1666 2648 Gruter.
1684 2600 1713 2648 et
1729 2600 1784 2648 tres

376 2699 470 2760 Curtii
485 2699 571 2759 boun
589 2709 675 2758 notu.
695 2695 803 2756 virtuti
815 2692 943 2769 an'fidai
959 2691 1058 2772 popul.
1079 2691 1138 2754 hoe
1157 2694 1261 2754 ordina
1284 2692 1398 2754 Gruter.
1413 2705 1442 2756 et
1454 2695 1581 2757 Wassius
1601 2707 1630 2755 et
1649 2696 1784 2776 plerique
1902 2727 1903 2778 ι

355 2803 455 2863 dibri.
473 2803 543 2863 vin.
552 2823 621 2884 pop.
634 2800 760 2878 unfidaei
777 2799 864 2858 Fabr.
882 2798 980 2858 Gueli.
992 2797 1022 2864 3.
1033 2799 1063 2857 6.
1075 2799 1143 2873 fids
1161 2797 1274 2864 Fabric.
1288 2819 1313 2858 1.
1331 2819 1360 2860 ιι
1379 2799 1450 2860 Met.
1471 2801 1593 2881 plurimi
1607 2799 1705 2860 codd.
1726 2821 1784 2860 sete

376 2907 440 2968 uu
455 2930 482 2967 ι.
501 2909 562 2972 ius.
576 2929 602 2966 ι.
620 2905 717 2966 Gueli.
732 2903 763 2970 3.
785 2903 892 2964 Fratre.
919 2905 1053 2965 advorsa
1075 2911 1172 2963 oraru.
1198 2913 1355 2966 arantum.
1377 2903 1439 2964 Bas.
1460 2904 1488 2976 4.
1510 2905 1701 2984 iustumque
1713 2916 1782 2966 suut

376 3015 417 3074 itu
433 3015 535 3096 vulga.
555 3021 642 3073 erant
656 3009 754 3070 Gueli.
766 3009 795 3080 4.
814 3007 1014 3088 parauerunt
1034 3004 1120 3069 instr.
1135 3005 1231 3067 Gueli.
1251 3009 1280 3068 6.
1308 3009 1430 3072 verbum
1452 3031 1512 3074 om.
1538 3009 1635 3070 Senat.
1651 3031 1676 3070 ι.
1697 3009 1782 3071 Febr.

377 3118 443 3179 Eut.
464 3118 562 3178 Gutli.
578 3138 605 3177 ι.
622 3137 667 3176 ιο.
681 3136 727 3174 ιι.
747 3113 864 3172 Gruter.
885 3110 1008 3176 liavtrc.
1026 3122 1056 3174 et
1071 3111 1151 3177 Leid.
1166 3123 1267 3193 praeter
1278 3113 1305 3172 k.
1327 3113 1466 3174 irutrucli
1478 3113 1586 3174 deinde
1600 3114 1663 3174 Bas.
1678 3115 1708 3186 4.
1725 3135 1784 3196 prt-

374 3245 445 3304 μω
457 3223 567 3301 aqsur't.
583 3229 693 3304 pugnae
711 3239 772 3277 om.
790 3218 858 3282 Seu.
868 3237 894 3277 2.
916 3218 1017 3276 Heuss.
1039 3216 1137 3276 Gueli.
1148 3217 1176 3288 4.
1190 3237 1235 3276 ιι.
1263 3227 1335 3278 cort.
1352 3227 1394 3281 est
1420 3219 1479 3279 Erl.
1500 3218 1581 3285 Laid.
1593 3219 1623 3279 b.
1635 3241 1661 3282 c.
1674 3219 1704 3284 d.
1719 3241 1746 3281 ι.
1762 3219 1783 3280 ι.

377 3351 405 3410 g.
421 3328 454 3393 ιι.
474 3328 536 3393 Bas.
548 3329 577 3398 4.
597 3327 683 3387 Bern.
695 3323 726 3386 3.
746 3321 836 3383 veleri
853 3343 952 3387 omnes
972 3321 1032 3383 eius
1052 3321 1157 3384 militet
1176 3320 1234 3384 hoc
1255 3321 1359 3384 ordino
1379 3323 1502 3405 plurimi
1522 3323 1601 3387 libri.
1621 3325 1783 3386 altricius

378 3453 477 3493 omues
489 3455 529 3492 m.
554 3431 625 3498 Tur.
645 3430 730 3492 Fabr.
750 3428 812 3487 Bas.
827 3449 852 3494 ι,
864 3428 893 3500 4.
913 3427 1003 3488 lead.
1033 3427 1129 3489 Strur.
1149 3427 1213 3488 inc..
1223 3447 1250 3487 ι.
1271 3427 1367 3488 Gueli.
1382 3449 1407 3488 1.
1420 3448 1447 3487 ι.
1467 3429 1548 3488 Leid.
1561 3428 1593 3494 b.
1605 3452 1631 3489 c.
1642 3431 1672 3488 d.
1686 3451 1712 3490 e.
1724 3433 1745 3490 i.
1755 3454 1782 3514 g.

378 3533 410 3593 b.
430 3536 515 3602 bem.
525 3541 553 3600 3.
581 3555 681 3596 amnes
700 3557 761 3594 orn.
776 3534 861 3599 Rern.
877 3554 902 3593 ι.
927 3551 954 3592 c.
974 3553 1033 3592 om.
1052 3532 1114 3592 mit.
1131 3531 1191 3594 sius
1210 3535 1271 3594 ius.
1284 3555 1310 3592 ι.
1340 3533 1402 3593 mil.
1416 3534 1541 3599 semim
1558 3556 1660 3596 ornnes
1679 3536 1783 3597 lirant.

376 3639 473 3719 primo
491 3661 636 3702 conctusa
662 3638 748 3706 Fabr.
779 3638 876 3698 Gueli.
891 3637 920 3696 6.
950 3636 1032 3696 Laid.
1049 3635 1080 3695 h.
1105 3638 1225 3697 forsitan
1248 3649 1278 3698 et
1303 3637 1373 3698 Tur.
1388 3661 1429 3698 m.
1440 3660 1487 3720 pr.
1514 3659 1670 3720 congrum
1686 3643 1782 3700 ceteri.

369 3738 606 3824 jugurtinum
625 3746 705 3806 Leid.
717 3743 784 3804 ud.
794 3746 815 3807 l.
827 3765 865 3802 n..
879 3741 985 3814 baud.
1004 3742 1073 3807 Tur.
1094 3741 1335 3822 bern.3..sugali
1345 3741 1428 3804 Leid.
1444 3742 1475 3804 ιι.
1496 3754 1523 3804 ct
1538 3745 1691 3824 aliquanto
1703 3767 1782 3806 num.

380 3849 507 3911 tontum
530 3853 571 3914 ita
586 3870 687 3912 omnes
704 3851 762 3910 sare
776 3847 854 3908 libri.
882 3855 910 3908 οι
928 3867 990 3906 οιιι.
1008 3846 1077 3908 vin.
1096 3868 1121 3906 ι.
1149 3845 1245 3906 Guell.
1259 3846 1289 3910 3.
1302 3867 1347 3907 ro.
1361 3864 1408 3908 tt.
1428 3869 1473 3908 ιι.
1495 3849 1579 3909 Paris.
1590 3871 1620 3910 a..
1643 3850 1783 3912 Numidis

291 3981 296 3988 ·
379 3951 441 4012 nat.
458 3975 483 4018 ι.
513 3977 554 4021 m.
565 3981 611 4040 pr.
632 3954 717 4014 Fabr.
738 3974 764 4012 ι.
789 3973 830 4016 m.
849 3971 901 4031 pr.
923 3950 992 4033 Τις.
1021 3951 1092 4012 Tur.
1112 3973 1153 4010 m.
1164 3972 1209 4032 pr.
1231 3961 1296 4012 tutu
1316 3951 1436 4013 Corum.
1456 3953 1556 4016 Namr.
1578 3954 1667 4021 Palat.
1679 3977 1706 4018 ι.
1728 3962 1783 4020 tt-

378 4055 453 4122 bric.
465 4080 491 4118 ι.
511 4059 595 4118 Paris.
607 4079 634 4118 a.
645 4057 713 4114 Eue.
735 4056 831 4116 Gueli.
845 4076 870 4115 ι.
883 4074 910 4114 2.
921 4053 950 4115 3.
960 4053 989 4126 4.
999 4077 1030 4137 9.
1044 4076 1089 4114 ra.
1110 4055 1192 4115 Leid.
1201 4077 1227 4116 a.
1239 4057 1269 4121 d.
1282 4057 1302 4116 ι.
1313 4057 1334 4118 i.
1355 4067 1453 4120 lulula
1475 4061 1596 4140 plurimi
1618 4063 1694 4122 iuter
1711 4083 1783 4144 quos

378 4161 493 4230 tritt.
514 4163 640 4232 tante..
655 4163 717 4225 bu.
734 4181 760 4223 ι.
780 4159 850 4226 Tur.
870 4159 955 4223 Bam.
968 4163 997 4224 3.
1026 4160 1115 4224 tutati
1129 4169 1207 4225 sunl.
1228 4159 1326 4226 hund..
1338 4163 1441 4232 Strur.
1454 4163 1513 4232 ius.
1534 4165 1619 4229 llam.
1629 4187 1658 4230 ι.
1677 4167 1780 4231 Fraus.
