3850 4867
391 282 526 375 sa'

466 497 621 579 Iugurtha
643 498 671 571 4.
689 498 783 559 animi
808 498 867 559 mei
891 505 1018 560 mutasse
1042 520 1071 580 7.
1093 500 1181 563 facile
1200 521 1374 565 occasurum
1393 524 1462 567 enm
1486 520 1532 583 aa.
1552 507 1713 589 imperinm
1733 515 1792 583 ejas

386 598 469 681 regni
488 629 508 646 ·
537 597 667 679 probitas
690 616 785 676 neque
815 594 890 656 mihi
915 614 960 677 ¹7·
986 595 1100 657 arboris
1128 601 1306 663 infecundus
1332 624 1381 669 ao.
1402 604 1552 666 diaconem
1573 606 1622 667 23.
1643 606 1683 664 ad
1702 606 1792 665 virtu·

387 710 446 758 tem
473 699 581 779 erigere
604 698 652 757 δι.
676 705 764 774 atque
782 714 835 773 ego
855 694 971 751 tametsi
999 692 1048 754 38.
1076 696 1117 755 ita
1132 697 1239 759 delicta
1265 702 1345 761 luere
1364 706 1527 763 occultiora
1545 734 1565 753 ·
1583 705 1678 781 ferro,
1692 704 1792 761 lame·

384 794 532 875 subjugo
555 794 711 851 missurum
757 796 804 871 39.
822 793 938 849 animus
953 790 1084 853 ardebat.
1106 806 1155 867 4ο.
1181 795 1216 856 C.
1235 798 1404 861 Mamillius
1421 802 1591 861 Limetanus
1612 802 1723 872 dame
1741 799 1792 857 de·

385 902 459 952 seret
477 894 525 961 43.
542 888 581 963 Q.
596 892 730 949 Metellus
750 899 778 948 et
798 889 839 949 Μ.
856 888 974 948 Silanus
994 921 1014 937 -
1032 892 1141 952 anulio
1158 895 1273 954 mittere
1309 898 1358 967 46.
1383 898 1439 975 sibi
1462 910 1646 979 opportunos
1667 912 1717 981 47.
1737 898 1791 955 l're·

386 991 508 1071 quentia
537 1022 554 1034 ·
596 1000 624 1047 et
650 1000 849 1050 commeatum
880 1020 899 1037 -
930 1000 959 1049 et
977 994 1085 1071 paratis
1125 994 1174 1075 49.
1197 996 1336 1057 occultati
1385 998 1433 1057 51.
1453 994 1548 1055 hostes
1566 998 1642 1057 eires
1659 995 1790 1077 permixti

388 1088 436 1149 53.
455 1088 492 1148 nd
505 1091 613 1149 coelum
635 1090 733 1148 lerunt
748 1090 795 1161 54.
816 1090 944 1148 militum
966 1088 1094 1167 predam
1115 1092 1177 1152 fore
1201 1126 1217 1138 -
1238 1094 1270 1151 in
1281 1092 1392 1153 eisdem
1406 1096 1480 1153 locis
1498 1095 1547 1153 lio.
1558 1095 1715 1174 paululum
1728 1112 1792 1150 nao-

385 1186 425 1247 do
446 1220 461 1233 -
481 1188 527 1248 61.
547 1188 570 1247 si
586 1186 765 1269 Jugurtham
784 1189 840 1249 sibi
859 1189 908 1248 62.
929 1188 1061 1246 accersiri
1080 1188 1165 1267 jubet
1186 1190 1235 1271 67.
1251 1187 1419 1251 obtruncati
1449 1190 1496 1257 68.
1513 1190 1673 1249 abnuentes
1693 1190 1791 1248 onmia

385 1285 489 1346 edocet
516 1307 563 1368 70.
589 1286 621 1344 in
642 1286 707 1365 quis
727 1286 885 1344 mollitiem
919 1304 968 1365 71.
987 1284 1100 1344 audivit
1125 1308 1158 1345 ex
1198 1288 1246 1369 74.
1277 1289 1381 1351 virtuti
1412 1288 1604 1372 popularium
1634 1308 1674 1346 an
1697 1287 1757 1345 fide
1774 1316 1791 1332 ·

384 1384 471 1445 ceteri
489 1392 550 1461 ejus
580 1384 687 1443 milites
719 1387 767 1465 75.
788 1384 958 1464 proximum
979 1384 1075 1461 spatio
1094 1416 1111 1429 -
1137 1404 1198 1464 quo
1228 1387 1364 1465 proximo
1387 1386 1535 1467 oppidum
1558 1406 1635 1466 aqua
1665 1386 1715 1467 76.
1735 1404 1791 1444 una

384 1481 432 1542 die
471 1483 518 1563 78.
540 1484 615 1562 leges
641 1483 796 1561 cultusque
819 1482 868 1540 80.
888 1480 1007 1557 incepto
1028 1478 1100 1539 belli
1121 1484 1170 1553 84.
1185 1482 1272 1562 plebe
1291 1485 1399 1543 militia
1409 1484 1520 1543 volenti
1538 1484 1588 1545 85.
1608 1503 1671 1542 non
1683 1482 1790 1542 eisdem

383 1612 402 1627 -
422 1575 531 1639 dehinc
548 1598 601 1658 per
616 1579 763 1660 ignaviam
782 1613 798 1624 -
819 1598 879 1658 quo
893 1578 988 1657 pluris
1003 1588 1045 1636 est
1063 1609 1082 1624 -
1101 1580 1146 1637 uti
1164 1598 1268 1639 omnes
1287 1579 1401 1641 labores
1421 1613 1440 1627 -
1460 1583 1544 1661 quasi
1559 1584 1679 1654 lumen,
1698 1599 1792 1659 neque

383 1710 401 1725 -
422 1676 591 1737 facundiam
618 1708 638 1722 -
664 1672 800 1734 habetote
827 1706 845 1721 -
877 1684 973 1735 tutata
991 1686 1078 1749 sunt,
1097 1678 1259 1737 removistis
1288 1710 1304 1722 -
1331 1678 1467 1736 militaris
1489 1688 1531 1737 est
1547 1688 1612 1736 aetas
1629 1678 1679 1737 86.
1701 1679 1793 1757 Igitur

383 1796 452 1837 cum
474 1777 626 1855 aliquanto
646 1774 757 1833 Marius
781 1781 892 1851 majore
917 1773 968 1855 93.
996 1795 1055 1855 qua
1071 1776 1133 1855 ipae
1157 1774 1324 1835 ascenderat
1350 1806 1367 1820 -
1394 1776 1538 1856 promissa
1561 1776 1716 1857 cognitum
1744 1786 1793 1855 94.

383 1873 491 1956 quibus
507 1875 609 1935 elevati
640 1894 690 1955 97.
714 1871 776 1931 lore
790 1871 990 1931 difficiliorem
1015 1893 1082 1938 ror.
1106 1875 1233 1934 occurrit
1252 1874 1363 1933 auxilio
1388 1893 1454 1936 roa.
1477 1870 1625 1955 Jugurtha
1642 1875 1793 1952 expulerat

385 1972 452 2037 103.
477 1971 645 2047 abamicis,
667 1989 741 2051 quos
759 2001 778 2016 -
796 1968 904 2029 deinde
929 1971 962 2029 in
985 1971 1090 2031 itinere
1116 1992 1182 2053 ¹⁰7·
1210 1991 1244 2031 ex
1263 1971 1362 2033 castris
1384 1971 1426 2031 ire
1452 1989 1518 2049 ²09·
1546 1970 1701 2030 accersitur
1726 1989 1792 2027 aro.

382 2072 419 2130 Et
437 2070 561 2129 llcrcule
582 2102 600 2117 -
622 2069 655 2127 id
671 2068 807 2127 obmitto.

382 2176 470 2252 Cod.
488 2178 550 2249 Ill.
576 2174 648 2264 (H.
669 2198 712 2245 vr.
743 2178 823 2261 ιο.)
850 2170 975 2245 solum
1004 2172 1210 2248 Catilinam
1236 2174 1425 2267 continet;
1449 2172 1547 2249 liber
1574 2197 1654 2249 non
1678 2172 1796 2276 pessi-

527 2292 598 2366 mis
621 2288 778 2392 quidem
802 2286 1129 2380 adnumerandus,
1149 2290 1214 2366 sed
1236 2307 1363 2366 tamen
1378 2288 1562 2378 deterior,
1591 2314 1708 2390 quam
1726 2317 1795 2365 cu-

529 2408 589 2514 jus
618 2407 845 2481 auctoritate
881 2404 1058 2483 confidas.
1105 2408 1236 2507 Quare
1264 2407 1444 2483 lectiones
1483 2404 1670 2481 variantes
1711 2433 1794 2483 non

529 2524 756 2628 transcripsi.

381 2640 468 2719 Cod.
485 2643 548 2717 IV.
576 2642 644 2737 (H.
661 2669 705 2719 vr.
734 2640 791 2738 9.)
817 2638 997 2729 mutilus,
1023 2664 1146 2742 pauca
1167 2636 1258 2714 folia
1277 2664 1323 2713 er
1344 2636 1510 2714 Catilina
1532 2638 1793 2743 etJugurtha5

528 2757 695 2865 plurima
722 2775 905 2834 vetustate
938 2756 1070 2831 deleta.
1117 2754 1189 2829 Sed
1216 2754 1387 2858 quamvis
1408 2754 1457 2829 sit
1484 2755 1584 2829 male
1614 2752 1792 2847 habitus,

529 2893 656 2951 tamen
678 2876 865 2950 recentior
886 2891 948 2949 est.
985 2872 1240 2949 Chartaceum
1272 2871 1459 2963 codicem,
1489 2872 1559 2976 qui
1582 2872 1793 2949 Catilinam

527 3008 565 3067 et
593 2990 824 3097 Jugurtham
857 2991 1081 3065 continebat
1107 2990 1149 3063 in
1179 2987 1412 3063 bibliotheca
1441 2988 1620 3094 Angelica
1648 2990 1792 3080 inveni,

526 3110 590 3186 sed
616 3136 703 3185 eum
726 3136 881 3211 quoque
904 3107 1132 3182 deteriorem
1155 3123 1192 3181 et
1216 3107 1324 3181 nulla
1357 3108 1592 3183 auctoritate.
1643 3108 1792 3183 Eodem

528 3229 613 3303 loco
650 3226 766 3301 editio
808 3224 1070 3326 antiquissima
1103 3222 1284 3313 Salustii,
1322 3250 1440 3326 quam
1474 3222 1791 3298 bibliothecarius

524 3344 741 3449 principem
767 3340 955 3430 habebat,
981 3336 1077 3413 mihi
1101 3339 1227 3414 oblata
1252 3356 1313 3413 est.
1364 3344 1477 3414 Anno
1498 3340 1791 3416 MCCCCLXXI

525 3464 694 3537 Venetiis
716 3486 830 3564 opera
856 3459 996 3563 Spireae
1016 3457 1216 3532 Vindelini
1243 3455 1341 3559 typis
1364 3482 1534 3559 expressa
1560 3472 1623 3531 est.
1904 3445 1905 3448 Ἴ

377 3578 435 3651 Ex
458 3575 646 3667 distichis,
669 3605 755 3680 quae
780 3577 821 3652 in
844 3576 920 3650 fine
946 3575 1143 3679 leguntur,
1168 3572 1276 3647 hunc
1299 3572 1444 3646 librum
1472 3590 1556 3647 tum
1574 3574 1790 3651 secundum

376 3694 596 3801 evulgatum
622 3695 733 3771 suisse
752 3692 965 3769 credideris.
992 3694 1090 3767 Cum
1106 3690 1188 3765 haec
1212 3688 1328 3767 editio
1350 3689 1522 3764 lllattarii
1545 3689 1789 3797 diligentiam

376 3811 512 3917 fugisse
546 3814 749 3907 videatur,
783 3838 1000 3898 versuum,
1032 3835 1199 3911 quorum
1243 3834 1359 3909 supra
1392 3804 1466 3882 feci
1513 3810 1789 3904 mentionem,

378 3928 598 4036 exemplum
623 3957 836 4034 apponam:

526 4046 818 4152 Quadringenta
846 4044 988 4118 iterum
1012 4041 1174 4116 formata
1200 4037 1396 4114 volumina
1423 4068 1549 4146 nuper

576 4164 697 4268 Crispi
723 4164 828 4239 dedit
852 4163 1022 4237 Venetus
1044 4156 1173 4262 Spirea
1197 4155 1448 4251 Vindelinus5

526 4280 599 4358 Sed
623 4281 780 4357 meliora
806 4277 965 4382 quidem
988 4274 1108 4349 lector
1133 4271 1229 4347 mihi
1254 4273 1364 4349 crede
1387 4274 1556 4350 secundo

577 4401 627 4476 Et
653 4397 855 4512 reprobata
881 4394 1032 4484 minus,
1057 4407 1169 4467 antea
1195 4418 1315 4495 quam
1339 4390 1503 4467 dederat
