3850 4867
377 298 450 371 ²9⁰

258 474 261 481 '
377 452 520 557 puduit
539 453 691 559 palam,
712 452 818 530 vobis
838 446 1105 542 audientibus,
1126 450 1360 528 adulterium
1381 446 1583 527 confiteri?
1605 444 1752 545 Quodsi

261 659 266 669 ,
378 577 451 653 tibi
471 604 541 681 pro
567 604 637 655 me
649 574 749 652 nibil
770 560 1003 679 respondere
1018 575 1232 664 voluissem,
1256 574 1321 649 sed
1344 571 1446 649 illud
1462 571 1674 647 censorium
1689 568 1754 643 elo·

376 700 482 805 glum
500 702 570 802 Ap.
587 684 739 775 Claudii
751 714 790 773 et
809 702 848 773 L
864 697 1029 791 Pisonis,
1047 698 1378 801 integerrimorum
1389 681 1578 783 virorum,
1591 720 1668 796 quo
1679 716 1755 767 usus

376 841 432 899 est
457 823 618 925 quisque
639 848 792 911 eorum,
813 848 884 926 pro
906 822 988 927 lege
1006 822 1137 925 palam
1165 820 1348 897 universis
1380 819 1608 895 recitarem:
1640 842 1757 894 nonne

378 946 448 1022 tibi
463 946 612 1023 viderer
628 962 785 1019 aeternas
806 945 963 1020 inurere
976 944 1160 1034 maculas,
1185 970 1281 1045 quas
1299 943 1446 1045 reliqua
1465 942 1542 1017 vita
1560 958 1627 1017 tna
1644 942 1756 1016 eluere

376 1096 457 1149 nen
476 1068 615 1173 possit?
648 1070 778 1169 Neque
792 1084 877 1172 post
898 1068 1012 1143 illum
1028 1068 1218 1143 delectum
1239 1082 1393 1143 senatus
1414 1082 1454 1142 te
1468 1093 1655 1167 umquam
1671 1066 1756 1139 ridi·

376 1220 467 1273 mus.
493 1192 571 1267 Nisi
595 1192 691 1267 farte
717 1192 757 1269 in
776 1218 819 1267 ea
848 1211 884 1267 te
903 1209 1026 1267 castra
1043 1191 1262 1281 coniecisti,
1284 1218 1362 1293 quo
1384 1191 1506 1266 omnis
1525 1191 1673 1265 sentina
1696 1190 1759 1263 rei-

374 1318 540 1422 publicae
560 1316 804 1391 confluxerat.
845 1319 895 1389 At
918 1315 1020 1389 idem
1043 1314 1243 1405 Salustius,
1267 1314 1336 1417 qui
1360 1314 1403 1389 in
1426 1340 1523 1417 pace
1545 1340 1596 1389 ne
1619 1330 1760 1388 senator

375 1441 532 1543 quidem
556 1455 761 1529 manserat,
786 1453 913 1541 postea
934 1465 1053 1539 quam
1073 1436 1287 1540 respublica
1307 1438 1421 1511 armis
1440 1464 1616 1541 oppressa
1638 1453 1705 1527 est,
1725 1452 1762 1511 et

351 1570 355 1581 ’
376 1564 478 1643 idom
496 1564 642 1651 uictor,
662 1561 730 1665 qui
750 1562 892 1637 exsules
913 1543 1081 1649 reduxit,
1106 1561 1150 1635 in
1165 1576 1339 1635 senatum
1362 1577 1447 1662 post
1465 1576 1694 1662 qrfflsturam
1713 1576 1765 1634 est

376 1686 563 1761 reductus.
612 1685 739 1781 Quem
764 1682 950 1763 bonorem
975 1683 1031 1759 ita
1055 1683 1181 1786 gessit,
1205 1699 1252 1759 nt
1278 1682 1378 1759 nihil
1403 1682 1445 1757 in
1465 1710 1510 1758 eo
1532 1711 1614 1760 non
1639 1682 1764 1759 venale

377 1807 584 1900 babuerit,
607 1808 718 1887 cuius
748 1807 887 1909 aliquis
915 1823 1065 1910 emptor
1093 1805 1219 1883 merit
1263 1810 1321 1881 Ita
1342 1806 1458 1910 igitur
1481 1806 1574 1910 egit,
1598 1822 1644 1883 ut
1670 1804 1763 1883 nibil

376 1959 457 2011 non
472 1958 635 2035 aequum
648 1958 694 2007 ac
712 1957 847 2007 rerum
866 1930 1038 2021 duxerit,
1063 1930 1168 2034 quod
1194 1931 1268 2034 ipsi
1289 1930 1411 2005 faeere
1434 1929 1683 2006 collibuisset:
1707 1958 1766 2007 ne-

375 2078 451 2159 quo
473 2056 584 2133 alitor
602 2054 765 2144 vexant,
789 2079 834 2129 ac
854 2054 1003 2143 debuit,
1027 2055 1059 2129 si
1079 2055 1166 2157 quis
1181 2053 1319 2157 praedae
1332 2052 1418 2127 loco
1435 2054 1636 2156 accepisset
1655 2056 1766 2159 magi-

374 2197 543 2258 stratum.
576 2180 731 2257 Peracta
759 2192 976 2279 questura,
992 2192 1238 2279 posteaquam
1254 2202 1391 2281 magna
1411 2176 1571 2280 pignora
1593 2179 1645 2253 eis
1663 2178 1767 2254 dede·

375 2319 454 2393 rat,
486 2328 576 2381 oum
597 2301 738 2404 qttibus
762 2298 1015 2385 similitudine
1037 2299 1123 2373 vitre
1143 2324 1183 2374 se
1208 2299 1482 2390 coniunxerat,
1504 2302 1704 2377 nausiam
1726 2321 1766 2378 er

376 2426 443 2503 illo
465 2451 573 2530 grege
595 2424 804 2501 videbatur.
850 2422 942 2497 Eius
971 2424 1075 2498 enim
1104 2423 1222 2525 partis
1244 2424 1438 2525 exemplar
1463 2440 1545 2499 erat
1567 2425 1764 2516 Salustius,

376 2576 454 2651 quo
474 2564 660 2649 tanquam
679 2548 720 2621 in
738 2547 860 2623 imam-
874 2546 1093 2649 voraginem
1113 2561 1234 2620 coetus
1255 2546 1432 2620 omnium
1454 2547 1635 2623 vitiorum
1653 2576 1767 2626 exces-

375 2696 498 2746 seras:
530 2668 719 2771 quidquid
746 2668 1056 2771 impudicorum,
1074 2668 1278 2755 cillonum,
1302 2668 1600 2771 parricidarum,
1624 2673 1765 2747 sacrile-

376 2819 529 2897 goram,
555 2790 772 2867 debitorum
796 2790 871 2865 fuit
887 2790 927 2865 in
948 2792 1059 2865 urbe:
1084 2791 1325 2894 municipiis,
1351 2792 1537 2883 coloni-is,
1553 2796 1663 2871 ltalia
1683 2813 1767 2887 tota,

376 2916 477 2989 sicut
498 2914 546 2989 in·
565 2912 692 3001 fretis,
717 2913 979 3005 subsederant,
1004 2911 1177 2989 nominis
1196 2914 1336 3017 perditi
1359 2942 1404 2992 ac
1429 2917 1636 3009 notissimi,
1661 2920 1762 2995 nulla

378 3036 418 3111 in
442 3053 552 3141 parte
570 3036 699 3113 castris
718 3036 798 3139 apti
822 3094 841 3127 „
859 3036 935 3111 nisi
949 3036 1105 3117 licentia
1128 3036 1309 3113 vitiorum
1340 3054 1380 3113 et
1406 3040 1619 3143 cupiditate
1645 3070 1765 3119 rerum

349 3186 587 3260 7norarum..
623 3163 673 3233 At
688 3174 814 3261 postea
841 3176 1113 3263 quam‘praetor
1133 3158 1254 3235 sactus
1274 3177 1357 3250 est,
1371 3162 1536 3239 modeste
1555 3190 1595 3241 se
1616 3167 1720 3271 gessit
1731 3182 1765 3241 et

376 3282 619 3359 abstinenter.
670 3282 806 3356 Nonne
826 3282 878 3355 ita
897 3282 1137 3385 provinciam
1150 3282 1328 3371 vastavit,
1352 3300 1398 3359 ut
1415 3276 1658 3391 nihil'neque
1675 3289 1763 3394 passi

375 3406 453 3481 sint
474 3421 593 3507 'atque
625 3404 882 3507 exspectarint·
907 3405 1056 3509 gravius
1088 3406 1131 3480 in
1157 3404 1258 3481 bello
1283 3408 1382 3481 socii·
1398 3410 1542 3501 nostri,
1570 3439 1689 3514 quam
1709 3440 1764 3489 er·

376 3528 479 3633 perti
491 3543 583 3603 sunt
604 3525 646 3602 in
667 3552 781 3629 pace,
804 3524 878 3603 boc
897 3526 1067 3603 Africam
1083 3528 1301 3605 interiorem
1318 3531 1541 3611 obtinente?
1565 3536 1671 3611 unde
1688 3553 1762 3612 tan·

374 3746 456 3813 leid.
469 3768 496 3809 c.
517 3746 636 3829 Popma.
657 3748 831 3809 ord'ds'ctum
851 3748 1086 3830 BasibPopmr.
1106 3770 1190 3829 qresm
1208 3772 1270 3814 uon
1281 3754 1420 3835 pudrtsril
1431 3754 1494 3817 Bas.
1513 3756 1567 3816 rios·
1572 3778 1629 3838 pro
1641 3758 1765 3821 menibd

376 3851 438 3911 llas.
457 3852 577 3916 bride.
596 3872 633 3913 ac
651 3853 693 3911 id.
709 3852 771 3914 sal.
792 3854 853 3913 Bas.
876 3855 918 3913 ila
931 3856 1007 3936 egit,
1032 3855 1137 3933 (igilur
1155 3859 1274 3936 omisso)
1289 3857 1441 3922 umtsid.
1456 3881 1483 3921 c.
1502 3868 1543 3920 est
1556 3864 1692 3925 naseas
1709 3863 1762 3923 Bas

377 3952 457 4021 Oud.
469 3957 576 4032 socors
591 3956 721 4016 oollibait
741 3956 803 4016 Bas.
834 3978 913 4035 mag.
929 3950 1068 4037 acceptam
1087 3960 1149 4026 Bas.
1169 3972 1231 4020 erat
1258 3963 1379 4043 exempl.
1400 3962 1462 4028 Bar.
1482 3964 1562 4023 Leid.
1583 3988 1610 4026 ο.
1631 3977 1763 4047 soranam

376 4056 501 4149 damasii
522 4059 664 4138 vosagus
683 4059 735 4121 Ao.
757 4060 921 4120 tontum-in
940 4080 1032 4121 uuam
1051 4082 1081 4123 u.
1102 4063 1182 4128 Gnd.
1202 4064 1265 4125 bas.
1284 4066 1366 4127 teia.
1378 4088 1458 4129 c.-
1479 4065 1553 4149 Cap.
1569 4093 1599 4152 7.
1619 4092 1658 4133 oc
1672 4083 1763 4153 posteo

377 4182 464 4241 mam
482 4174 603 4245 praetor
621 4172 663 4226 est
672 4164 777 4242 scotta
796 4164 859 4229 bas.
884 4165 1004 4245 posius
1017 4167 1051 4228 in
1066 4166 1139 4231 bello
1158 4168 1221 4232 Bas.
1240 4168 1321 4232 Leia.
1332 4192 1359 4235 o.
1371 4172 1478 4251 suast
1500 4170 1602 4238 Cesar
1620 4176 1682 4239 bas.
1699 4176 1761 4239 sotis
