3850 4867
410 320 481 395 27²

410 500 501 550 cum
520 475 718 579 republica
742 475 915 549 venalem
933 472 1084 549 babere.
1133 477 1190 549 Ita
1210 474 1412 587 paullatim
1436 472 1622 580 populus.
1650 468 1717 573 qui
1732 466 1792 543 do·

410 600 539 675 minuo
556 600 704 675 cunctis
725 599 899 704 gentibus
916 596 1178 699 imperitabat,
1203 597 1371 701 dilapsus
1387 614 1467 675 ert:
1491 613 1531 673 et
1545 622 1616 699 pro
1636 618 1792 669 commu·

281 744 286 757 '
411 721 452 797 ni
470 722 650 827 imperio,
678 722 857 825 privatim
872 720 943 795 ribi
966 720 1129 822 quisque
1142 721 1360 797 servitutem
1382 719 1538 825 peperit.
1587 721 1676 793 Hac
1691 716 1794 820 igitur

411 846 619 921 multitudo
639 846 809 949 primum
831 844 939 917 malis
965 845 1135 919 moribus
1159 844 1331 936 imbuta,
1355 844 1495 920 deinde
1517 842 1560 917 in
1583 858 1680 917 artes
1698 839 1794 915 ritat-

411 996 486 1071 que
503 969 622 1044 variat
642 969 848 1071 dispalato,
873 965 984 1041 nullo
1007 966 1121 1042 modo
1145 967 1247 1043 inter
1269 993 1309 1043 ee
1327 990 1554 1071 congruens,
1577 991 1714 1069 parum
1733 961 1794 1037 mi·

410 1089 453 1166 bi
480 1092 636 1195 quidem
663 1092 799 1167 idonea
823 1090 976 1166 videtur
998 1090 1049 1166 ad
1077 1090 1342 1193 capessendam
1369 1087 1656 1195 rempublicam
1702 1088 1794 1162 Cete-

411 1242 525 1305 rum,
549 1214 688 1291 additio
705 1214 812 1289 novis
830 1213 995 1304 civibus,
1016 1239 1155 1318 magua
1177 1238 1240 1289 me
1260 1239 1343 1317 epea
1360 1229 1464 1289 tenet
1482 1268 1492 1304 ,
1515 1212 1597 1289 fore
1616 1227 1662 1287 ut
1679 1232 1796 1286 omnet

410 1339 718 1445 expergiscantur
736 1337 786 1412 ad
805 1336 1020 1412 libertatem
1043 1366 1051 1409 ι
1077 1335 1221 1440 quippe
1241 1362 1331 1413 cum
1351 1336 1426 1413 illio
1442 1335 1629 1413 libertatis
1641 1333 1794 1411 retinen·

410 1462 487 1553 dre,
512 1478 596 1537 tum
621 1460 682 1536 bia
702 1460 889 1537 servitutis
903 1458 1124 1534 amittanda
1139 1485 1231 1534 cura
1256 1459 1412 1535 orietur.
1459 1461 1554 1550 Hoc,
1577 1485 1646 1564 ego
1666 1482 1794 1547 comeo,

410 1586 613 1689 permixtos
633 1611 724 1660 cum
746 1583 933 1659 veteribus
951 1581 1155 1668 novoa‚‘in
1179 1580 1338 1657 coloniis
1357 1583 1584 1659 constituas:
1610 1582 1663 1657 ita
1688 1598 1725 1659 et
1746 1605 1794 1657 m

411 1707 585 1783 militaris
607 1707 826 1810 opulentior
843 1706 933 1795 erit,
956 1719 995 1777 et
1013 1702 1141 1806 plebes
1161 1704 1271 1779 bonit
1287 1704 1446 1809 negotiis
1461 1694 1646 1809 impedita
1661 1704 1793 1781 malum

383 1830 612 1934 spublioum
629 1829 752 1904 facere
774 1827 928 1903 detinet.
963 1826 1037 1902 Sed
1056 1853 1137 1902 non
1164 1826 1304 1903 inscius
1327 1855 1452 1931 neque
1475 1828 1792 1935 imprudentium,

410 1980 501 2031 cum
525 1978 568 2028 ea
591 1976 647 2027 res
673 1968 832 2055 agetur,
866 1975 952 2051 quae
982 1950 1124 2025 oaeritia
1152 1976 1314 2053 quaque
1341 1968 1576 2055 tempeetater
1604 1950 1791 2027 bominum

410 2075 602 2152 nobilium
626 2074 878 2162 futurae-sint,
902 2098 993 2147 cum
1015 2070 1346 2177 indignabuntur,
1371 2075 1499 2149 omnia
1523 2074 1699 2151 funditus
1719 2073 1792 2151 mit·

409 2199 504 2287 ceri,
530 2196 699 2297 antiquis
718 2195 862 2270 civibus
890 2192 995 2269 hanc
1012 2196 1232 2271 servitutem
1257 2197 1427 2301 imponi,
1451 2223 1613 2301 regnum
1643 2198 1792 2301 deniqne

403 2349 454 2399 cx
476 2321 595 2413 libera
615 2319 765 2394 civitate
780 2316 973 2407 futurum,
991 2317 1060 2392 ubi
1079 2319 1195 2395 unius
1213 2348 1372 2397 munere
1391 2322 1602 2399 multitudo
1614 2322 1790 2429 ingentio

408 2445 602 2519 civitatem
628 2440 852 2544 pervenerit
901 2440 1092 2542 Equidem
1112 2468 1180 2546 ego
1197 2443 1252 2518 sic
1270 2444 1376 2548 apud
1393 2446 1569 2521 animum
1587 2473 1715 2523 meum
1729 2462 1788 2521 sta·

405 2583 506 2643 tuo:
532 2564 678 2641 malum
701 2563 850 2639 facinus
877 2562 918 2637 in
950 2588 989 2639 se
1012 2564 1228 2658 admittere,
1253 2569 1322 2671 qui
1346 2568 1589 2645 incommodo
1619 2570 1787 2675 reipubli-

394 2714 463 2797 ’ωε
481 2689 641 2795 gratiam
665 2687 738 2762 sibi
762 2685 956 2777 conciliet;
982 2686 1052 2762 ubi
1080 2688 1228 2765 bonum
1260 2693 1462 2795 publicum
1485 2694 1601 2769 etiam
1627 2694 1789 2798 privatim

380 2806 384 2813 ’
407 2813 496 2887 -mui
513 2828 588 2887 eat:
614 2811 655 2887 id
678 2836 765 2886 vero
785 2809 963 2884 dubitare
982 2810 1157 2913 adgredi,
1179 2815 1359 2891 cocordiae
1380 2832 1496 2919 atque
1516 2817 1675 2921 ignavia
1694 2812 1789 2895 duco

408 2936 459 3011 M.
478 2934 584 3011 Livio
608 2936 733 3008 Druso
750 2958 900 3036 semper
923 2932 1126 3007 consilium
1152 2934 1243 3027 fuit,
1269 2938 1311 3013 in
1334 2938 1538 3016 tribunatu
1561 2968 1707 3019 summa
1730 2966 1788 3045 ope

408 3060 482 3135 niti
508 3085 579 3163 pro
613 3056 838 3131 nobilitate:
861 3080 986 3157 neque
1008 3055 1130 3129 ullam
1150 3084 1231 3133 rem
1255 3059 1298 3135 in
1320 3061 1512 3168 principio
1541 3090 1651 3169 agere
1677 3066 1785 3143 inteo-

408 3184 483 3273 dit,
508 3182 581 3257 nisi
597 3181 655 3254 illi
676 3195 846 3253 auctores
874 3174 1015 3251 fierent.
1055 3178 1128 3253 Sed
1147 3176 1319 3258 hominen
1337 3184 1504 3276 factiosi,
1527 3188 1669 3290 quibus
1693 3189 1785 3264 dolut

406 3324 522 3409 atque
540 3305 687 3380 malitia
708 3300 781 3377 lide
800 3300 944 3377 cariora
966 3316 1093 3390 erant,
1115 3302 1188 3392 ubi
1204 3305 1490 3399 intellexerunt,
1515 3336 1583 3413 per
1597 3312 1784 3387 unnmbo

404 3430 550 3503 minem
573 3452 797 3502 maxumum
825 3420 1054 3499 beneficium
1082 3424 1213 3501 multis
1241 3428 1466 3505 mortalibua
1495 3430 1605 3508 dariz
1630 3431 1784 3511 videlicet
1859 3433 1860 3438 ’

409 3566 446 3625 et
463 3552 536 3624 sibi
558 3552 717 3652 quisque
736 3547 927 3635 conscius,
946 3544 1055 3623 ⁴malo
1077 3562 1194 3650 atque
1213 3550 1334 3628 infido
1352 3554 1482 3630 animo
1502 3581 1593 3647 este,
1618 3556 1782 3635 detttt

407 3673 469 3748 rio
493 3675 619 3747 Druso
642 3672 750 3749 ‚iuxta
778 3697 822 3745 ac
845 3669 892 3744 dc
919 3693 957 3743 se
985 3668 1313 3749 existumaremnt
1354 3679 1488 3780 Itaque
1509 3695 1631 3771 metu,
1656 3709 1705 3760 nc
1726 3706 1781 3787 per

406 3810 553 3871 tantam
579 3794 738 3897 gratiam
770 3792 871 3869 solus
900 3816 1028 3865 rerum
1053 3794 1259 3906 potiretur,
1290 3816 1424 3875 contm
1447 3828 1538 3878 enm
1556 3805 1649 3896 nisi,
1672 3816 1778 3882 amet

406 4013 626 4079 nt'inttarttnctis
644 4012 728 4073 Fabr.
742 4012 815 4073 Bric.
835 4010 887 4091 qu·
897 4014 1035 4075 domium
1049 4024 1114 4075 crat
1129 4018 1241 4078 crtuctti
1253 4020 1372 4101 antiqua
1385 4020 1464 4083 Edit.
1484 4035 1549 4086 erat
1561 4036 1600 4101 et,
1615 4028 1694 4111 qaod
1705 4030 1774 4107 vulpe

404 4122 525 4205 legitur,
544 4118 730 4180 eliciendum.
748 4150 791 4164 -
820 4117 893 4196 Cep.
908 4118 936 4175 6.
956 4138 1013 4195 quo
1036 4140 1101 4181 mec
1117 4142 1163 4182 m
1176 4123 1274 4203 egum
1295 4136 1376 4188 vetut
1392 4128 1499 4200 editio,
1513 4130 1593 4191 undo
1611 4143 1690 4214 patet
1705 4148 1772 4210 quom

273 4282 277 4287 ,
402 4228 543 4309 seriptum
560 4225 653 4285 tuine.
674 4222 705 4279 r'n
720 4242 749 4282 aa
764 4221 917 4281 admittere
934 4221 1028 4286 taao.
1048 4225 1228 4290 committere
1245 4232 1345 4313 vulgo.
1365 4238 1394 4291 ot
1407 4231 1521 4294 ntum
1537 4246 1619 4298 vetar
1631 4237 1723 4299 editio.
1737 4230 1770 4295 id.
