3850 4867
1496 342 1558 399 stu

152 510 213 587 De
231 513 378 607 ceteris,
392 515 486 617 quo's
502 510 802 606 laudavit‚nihil
823 526 980 589 constat.
1017 512 1207 587 ciacconii
1213 510 1366 587 Codices
1390 525 1464 584 tres
1485 535 1561 583 uu·

152 656 373 728 merantur,
399 666 499 713 unus
526 637 594 741 qui
621 638 829 714 Catilinam
842 654 892 711 ·et
916 635 1144 741 Iugurtham
1165 633 1457 738 complectitur,
1483 659 1560 707 me·

153 758 313 859 diociis,
337 763 415 839 duo
433 762 568 837 litteris
590 759 885 867 Langobardicis
910 761 1072 849 exarati,
1099 788 1265 864 quorum
1283 784 1355 863 ope
1375 784 1497 863 pauca
1517 758 1559 832 in

151 885 391 961 orationibus
408 902 446 961 et
466 885 633 989 epistolis
648 912 693 961 ex
711 884 906 959 Historiar.
933 883 1153 989 fragmentis
1170 883 1393 959 emendavit.
1437 883 1561 959 Aldus

153 1011 345 1087 Manutius
363 1026 402 1086 ct
422 1011 500 1115 ipse
520 1010 640 1085 tribus
657 1011 740 1083 Mas.
761 1012 850 1085 usus
872 1024 944 1099 est,
970 1008 1039 1111 qui
1059 1013 1101 1083 A.
1127 1009 1267 1084 Casarii
1282 1006 1499 1096 Caesenatis,
1523 1008 1560 1080 P.

151 1133 394 1238 Hyantophii
419 1135 550 1209 Sabini
573 1150 612 1209 et
635 1136 674 1207 F.
688 1133 817 1209 Ursini
839 1132 955 1209 fuisse
975 1132 1180 1227 dicuntur3
1206 1133 1318 1208 bonae
1339 1147 1440 1206 note
1460 1130 1564 1220 libri,

152 1276 347 1359 quantum
376 1286 422 1333 ex
450 1260 494 1332 iis
518 1257 718 1347 coniicias,
744 1282 831 1359 quae
860 1256 1033 1331 laudavit
1050 1257 1257 1332 Manutius.
1313 1256 1516 1360 Cypriacam
1538 1284 1562 1328 α

152 1383 300 1481 Papum
316 1408 377 1457 sex
399 1381 514 1457 Codd.
534 1382 617 1455 Mss.
635 1381 677 1456 iu
696 1380 859 1458 Salustio
880 1380 1121 1457 emendando
1142 1380 1341 1476 adhibuit3
1364 1407 1410 1455 ex
1422 1378 1563 1454 Biblio-

154 1500 265 1587 thec'a
287 1507 332 1579 Ι).
359 1505 517 1579 Martini
543 1504 729 1609 primum,
763 1505 1053 1595 Lovaniensem,
1081 1505 1328 1607 Genepeum,
1361 1504 1562 1580 Martinia-

153 1656 271 1717 num,
295 1655 410 1730 quem
437 1628 605 1703 Coloniae
632 1628 861 1732 inspexerat;
891 1628 1038 1703 librum
1060 1628 1261 1704 Guilielmi
1285 1628 1460 1720 Canteri,
1487 1626 1563 1705 ⁷nec

154 1779 237 1829 non
248 1752 363 1828 Codd.
374 1754 570 1843 lectiones,
584 1751 724 1856 quibus
734 1768 845 1827 antea
864 1778 954 1827 usus
966 1768 1049 1827 erat
1059 1753 1286 1827 Vincentius
1297 1753 1544 1828 Castilioneus
1553 1786 1564 1849 3

155 1878 347 1953 accedunt
377 1876 471 1967 alii,
504 1902 671 1979 quorum
693 1876 875 1953 virtutem
894 1876 1134 1980 amplissimis
1157 1877 1279 1965 verbis
1300 1877 1464 1969 extollit,
1498 1878 1562 1953 sed

155 2000 258 2077 nihil
271 2002 318 2077 de
330 2001 374 2075 iis
386 2002 543 2077 notavit.
565 2004 620 2077 Ne
637 2000 875 2103 reliquorum
889 2001 1046 2104 quidem
1066 2000 1255 2075 rationem
1269 2001 1356 2076 satis
1371 2003 1563 2105 cognitam

154 2125 362 2217 habemus,
390 2127 481 2230 quia
502 2128 644 2229 Popma
666 2125 902 2201 coniecturas
930 2132 1084 2227 captare
1105 2152 1223 2227 quam
1241 2124 1356 2201 Codd.
1384 2124 1563 2201 lectiones

155 2278 342 2354 reponere
361 2250 509 2327 maluit.
536 2251 667 2325 Carrio
682 2248 732 2323 ad
745 2248 860 2323 iidem
883 2248 1002 2323 trium
1018 2250 1204 2326 Codicum
1220 2251 1425 2326 Catilinam
1446 2250 1484 2326 et
1501 2256 1564 2327 Iu-

155 2373 339 2485 gurtham
358 2373 529 2451 correxit
567 2372 739 2447 Excussit
763 2372 1044 2463 Buslidianum,
1069 2400 1116 2448 cx
1136 2375 1301 2480 Collegio
1325 2375 1562 2467 Buslidiano,

155 2500 489 2586 Gemblaceusem,
514 2497 837 2601 praestantissimos
859 2497 995 2587 libros,
1020 2524 1202 2602 eumque,
1229 2500 1295 2602 qui
1322 2500 1415 2575 olim
1438 2499 1565 2575 fuerat

153 2631 203 2705 1).
223 2625 381 2731 Benigni
397 2620 647 2698 Divionensis.
685 2624 732 2696 Iu
758 2620 978 2724 fragmentis
1001 2623 1308 2728 recognoscendis
1334 2624 1425 2698 libri
1453 2626 1564 2735 Nico-

154 2752 209 2828 lai
240 2750 374 2838 Fabri,
412 2744 625 2823 Cardiualis
650 2746 838 2822 Briconeti
870 2760 909 2820 et
929 2746 1139 2821 Vaticanus
1166 2748 1333 2851 optimus
1358 2750 1392 2823 ci
1424 2777 1563 2855 magno

154 2876 302 2955 auxilio
314 2873 481 2951 fuerunt.
506 2869 775 2945 Uno'Mediceo
794 2868 906 2942 ssuxae
931 2868 1018 2944 fidei
1034 2896 1124 2946 usus
1144 2888 1199 2947 est
1219 2874 1349 2947 Petrus
1361 2872 1590 2984 Victoriusg

155 3027 238 3080 uuo
255 3002 439 3086 Romano,
458 3021 584 3097 neque
600 3020 645 3070 eo
665 2993 840 3085 meliore,
867 2993 1035 3079 Ursinus,

208 3126 305 3201 Iano
319 3122 475 3197 Mellcro
493 3120 699 3207 Palmario,
715 3117 928 3192 multorum
943 3118 1129 3195 Codicum
1143 3120 1437 3197 evolvendorum
1453 3126 1562 3226 copia

155 3250 245 3339 fuit,
259 3244 477 3334 Tbolosani,
492 3242 742 3331 Bertiniensis,
755 3241 1043 3347 Sigeburgensis,
1058 3262 1236 3347 praeterea
1246 3245 1379 3333 Modii,
1391 3247 1564 3336 Brunnii,

153 3372 297 3450 Stanaei
328 3370 535 3465 librorum,
561 3382 599 3441 et
626 3364 828 3469 fragmenti
861 3365 1112 3461 Coloniensis3
1140 3368 1204 3450 sed
1232 3394 1275 3442 ea
1302 3367 1427 3442 solum
1451 3396 1496 3444 ex
1520 3371 1564 3445 iis

152 3571 339 3648 tilinorium3
359 3570 485 3631 ciuscltm
508 3564 612 3625 beilum
635 3564 856 3645 Iugurthinum.
878 3565 920 3646 ὅ.)
942 3569 980 3626 de
994 3564 1067 3625 bello
1087 3560 1264 3625 Catilinario
1291 3566 1368 3627 Cod.
1389 3566 1490 3628 Chart.
1511 3587 1563 3625 saec

153 3678 240 3739 XIV.
282 3676 324 3754 4.)
346 3672 421 3735 Cod.
434 3671 558 3732 Membr.
573 3691 636 3731 saec.
650 3670 728 3731 XIV.
749 3670 876 3730 debello
892 3670 1031 3750 lugurtb.
1067 3670 1108 3750 5.)
1131 3668 1207 3730 cod.
1223 3671 1346 3730 membr.
1360 3674 1483 3753 scriptus
1499 3693 1565 3731 ma·

153 3804 201 3843 nu
216 3781 289 3841 Petri
310 3779 347 3839 dc
363 3780 498 3839 Doimuir
519 3796 568 3842 an.
596 3772 834 3834 mccclxxx..
859 3770 1052 3835 Caldinuruu
1073 3774 1169 3836 iiber:
1197 3777 1270 3836 liber
1286 3776 1488 3856 Iugurthinae
1522 3777 1564 3855 6.)

155 3884 235 3947 Cod.
261 3882 385 3945 Membr.
403 3902 465 3943 saec.
490 3880 568 3941 XlV.
584 3879 713 3939 ineunte.
734 3877 781 3939 Da
805 3880 878 3939 bello
901 3877 1025 3941 catilin.
1049 3880 1090 3963 7.)
1111 3880 1187 3945 cod.
1213 3880 1314 3941 Chart.
1333 3882 1412 3944 XIV.
1433 3893 1467 3943 ut
1482 3882 1564 3945 ride.

135 3976 222 4065 ¹tur,
233 3999 308 4051 certa
324 3998 392 4049 anta
409 4007 459 4047 au.
480 3983 566 4056 1431.
585 3985 646 4045 sine
664 3984 769 4059 titu103
780 3984 901 4065 incipit:
918 3983 1005 4047 Falso
1021 3986 1161 4064 quantur.
1184 3988 1227 4065 8.)
1242 3987 1317 4047 Cod.
1332 3987 1455 4053 membr.
1470 3990 1566 4070 scrip-

154 4108 204 4155 ttu
223 4104 251 4155 ct
266 4096 430 4175 completus
442 4091 490 4151 die
508 4087 619 4149 sabbati
638 4088 744 4147 XXVI.
762 4085 829 4149 Oct.
850 4087 1034 4149 Meccuv.
1062 4090 1105 4171 9.)
1120 4089 1195 4154 Cod.
1210 4091 1333 4157 Membr.
1354 4112 1416 4153 saec.
1431 4093 1495 4151 XV.
1514 4096 1564 4153 in-

156 4210 262 4271 cunte,
276 4200 336 4257 sioe
352 4200 454 4268 titulo;
472 4195 595 4275 incipit:
628 4192 722 4252 omnis
736 4192 876 4253 homiues.
923 4193 990 4275 ιο.)
1002 4194 1077 4254 Cod.
1098 4195 1223 4255 Membr.
1242 4197 1312 4258 XV.
1335 4198 1411 4256 med.
1437 4199 1563 4279 incipit,

147 4285 234 4386 ,fialae
252 4304 392 4383 queritur.
438 4300 495 4378 tt.)
517 4297 594 4358 Cod.
613 4294 737 4355 blembr.
751 4317 813 4358 saec.
836 4296 898 4357 XV.
920 4309 987 4379 post
1005 4299 1101 4359 meda
1123 4299 1169 4359 Dc
1189 4300 1261 4361 bello
1280 4298 1438 4365 Catilinor.
1459 4313 1486 4362 ct
1509 4302 1564 4364 lu-

155 4408 260 4493 gurib.
283 4410 362 4488 (siue
378 4405 438 4485 tit.)
488 4403 546 4482 ια.)
569 4398 913 4469 conticescant.
935 4416 1066 4471 excunte.
1087 4404 1227 4467 Salustius
1241 4406 1439 4468 Coleliuarius.
