3850 4867
389 296 440 387 ll

392 491 524 571 rietate
544 498 719 575 colorum
740 517 779 577 et
798 532 893 581 auro
905 505 1159 593 adumbrata,
1172 502 1227 579 ‘in
1257 499 1335 579 fine
1350 501 1512 609 insignia
1535 501 1658 608 gentis
1672 498 1788 577 Medi·

385 632 468 685 oeae.
495 612 567 687 Sed
592 617 764 717 quamvis
782 620 831 694 sit
853 622 1150 727 elegantissimus
1167 619 1275 707 liber,
1295 634 1421 695 tamen
1444 622 1495 695 ab
1512 619 1789 723 imperitissimo

385 726 576 803 monacho
592 751 764 809 exaratus
783 763 858 811 esse
872 738 1043 826 videtur,
1067 736 1136 839 qui
1163 759 1245 809 non
1266 735 1391 810 solum
1407 764 1539 839 pravas
1557 734 1736 812 lectiones
1748 735 1789 813 in

387 856 534 918 textum
562 849 723 951 recepit,
745 852 810 927 sed
837 854 953 930 etiam
969 852 1205 930 stultissimas
1225 846 1359 952 glossas
1378 852 1528 957 adjecit,

486 1010 578 1091 Cod.
593 1016 715 1095 XXX.
745 1025 903 1130 (Suppl.
930 1026 981 1101 ad
998 1030 1040 1104 P.
1057 1028 1138 1102 Cat.
1158 1026 1204 1100 II.
1229 1028 1313 1101 386.
1337 1030 1469 1114 xtvu.)
1508 1024 1670 1100 Membr.
1704 1024 1789 1099 Saec

385 1151 456 1201 xrv.
481 1132 515 1204 Is
538 1131 637 1209 liber
657 1163 829 1243 quoque,
855 1140 1097 1246 splendorem
1117 1141 1224 1245 quod
1239 1140 1391 1231 attinet,
1411 1168 1458 1216 ex
1474 1141 1695 1216 melioribus
1702 1174 1713 1235 3
1731 1153 1794 1215 ao·'

385 1242 528 1321 cedunt
542 1271 765 1353 argumenta
787 1258 958 1361 capitum
981 1259 1100 1333 rubro
1116 1259 1219 1361 picta
1244 1257 1385 1347 colore,
1410 1258 1475 1332 sed
1495 1273 1551 1331 tot
1568 1257 1791 1361 corruptelis

385 1356 450 1433 hio
481 1360 581 1438 liber
604 1386 740 1460 scatet,
765 1389 834 1463 nt,
852 1374 882 1447 si
923 1374 1060 1477 quide
1091 1373 1213 1447 causis
1245 1390 1535 1475 corumptorum
1561 1372 1681 1455 Codd.
1704 1372 1793 1447 scri·

385 1472 474 1551 bere
494 1479 649 1571 volunt,
676 1484 721 1560 iis
741 1485 807 1563 hic
825 1488 924 1565 liber
946 1489 1187 1594 potissimum
1204 1486 1258 1564 sit
1277 1487 1564 1563 examinandus.

486 1650 580 1731 cod.
604 1655 749 1736 XXXI.
799 1662 955 1767 (Suppl.
977 1662 1027 1738 ad
1059 1668 1168 1745 Pant.
1199 1666 1281 1746 Cat.
1304 1666 1334 1737 Ι.
1361 1668 1447 1759 491.
1480 1686 1642 1735 ccxxxrv·
1670 1661 1792 1753 8110)

385 1766 598 1853 Membran.
633 1776 721 1849 Sacc.
742 1800 814 1853 xrn.
854 1778 969 1854 Liber
991 1778 1137 1855 nitidus
1160 1778 1225 1855 sed
1253 1779 1384 1855 multis
1415 1778 1542 1881 glossis
1571 1790 1794 1879 corruptus,

385 1910 504 1986 quare
521 1902 646 1965 totum
665 1890 812 1967 librum
837 1895 1053 1971 accuratius
1071 1897 1291 1973 examinare
1313 1894 1433 1971 omisi.

484 2059 579 2146 Cod.
596 2063 764 2143 XXXII.
802 2068 935 2165 (Pant.
961 2072 1041 2147 Cat
1073 2073 1161 2148 611.
1191 2077 1284 2161 xv.)
1323 2067 1552 2146 chartaceus
1578 2065 1695 2155 liber,
1725 2063 1794 2167 qui

385 2202 474 2251 cum
497 2180 594 2271 alia,
621 2199 704 2258 tum
736 2185 854 2261 vitam
882 2184 1036 2261 Salustii
1059 2189 1255 2281 continet,
1280 2212 1367 2292 quae
1391 2185 1440 2259 ab
1472 2184 1617 2257 incerto
1639 2194 1795 2255 auctore

384 2294 609 2399 scriptaest.
646 2301 784 2375 Insunt
803 2317 983 2404 praeterea
1004 2305 1150 2378 Donati
1183 2301 1435 2379 Grammatici
1459 2298 1681 2373 fabularum
1705 2294 1797 2369 Ovi-

385 2406 440 2484 dii
467 2412 625 2489 Nasonis
651 2416 906 2507 abbreviatio,
931 2418 1017 2493 vitae
1042 2420 1179 2511 Persii,
1210 2420 1375 2509 Horatii,
1412 2414 1622 2524 luvenalis,
1647 2410 1795 2487 Lucani

384 2525 512 2617 Statii,
537 2530 724 2621 Terentii,
746 2534 911 2623 Senecae,
945 2534 1089 2609 Valerii
1107 2537 1288 2627 Maximi,
1322 2532 1476 2611 Asconii
1499 2526 1656 2604 Pediani
1685 2530 1797 2602 Com-

385 2643 562 2717 mentarii
590 2645 631 2721 in
663 2649 852 2724 Ciceronis
880 2649 1003 2723 Oratt.
1028 2650 1201 2753 Priapeia
1236 2669 1273 2728 et
1288 2648 1507 2727 Fenestella.
1531 2644 1795 2719 Recentiorem

385 2780 460 2830 esse
491 2756 608 2861 hujus
638 2762 725 2837 vita
762 2780 955 2842 auctorem
983 2792 1073 2841 cum
1109 2767 1355 2843 exoratione
1387 2764 1580 2851 barbara,
1618 2777 1703 2834 tum
1750 2786 1796 2835 ex

387 2868 469 2948 aliis
489 2873 602 2951 facile
623 2877 784 2984 colligas.
824 2882 959 2955 Fusius
982 2882 1087 2956 enim
1113 2882 1162 2956 de
1183 2884 1393 2987 majoribus
1420 2896 1458 2956 et
1480 2874 1695 2953 minoribus
1713 2901 1797 2949 ma-

386 2986 601 3090 gistratibus
628 2994 727 3098 agit,
760 3012 798 3070 et
819 2996 928 3072 addit
950 3030 958 3071 ε
984 2998 1026 3071 id
1056 3003 1151 3072 enim
1184 3026 1209 3071 α
1235 2999 1419 3074 veteribus
1448 3002 1677 3071 constitutum
1703 3010 1797 3068 erat.

387 3104 562 3183 Ceterum
587 3136 672 3211 quae
704 3112 842 3214 passim
865 3112 1016 3215 antiqui
1049 3130 1220 3190 auctores
1246 3114 1294 3189 de
1316 3113 1478 3189 Salustio
1507 3109 1683 3198 tradunt,
1706 3108 1797 3183 satis

385 3218 587 3327 diligenter
605 3226 763 3301 collecta
787 3244 826 3301 et
851 3228 1030 3331 disposita
1051 3246 1153 3305 sunt.
1192 3230 1319 3304 Multa
1336 3257 1382 3303 ex
1406 3226 1607 3314 Ciceronis,
1627 3250 1715 3327 quae
1738 3222 1799 3300 di-

386 3332 506 3427 citur,
540 3340 819 3417 declamatione
850 3343 891 3416 in
917 3343 1135 3434 Salustium,
1166 3371 1284 3446 quarn
1313 3344 1520 3449 genuinam
1544 3340 1721 3415 babuisse
1741 3340 1800 3413 ri-

387 3454 509 3541 detur,
541 3456 680 3535 hausit.
724 3462 848 3531 Pauca
873 3474 1053 3561 praeterea
1076 3459 1123 3533 de
1142 3460 1323 3533 sermonis
1336 3457 1540 3533 Salustiani
1563 3455 1798 3560 proprietate

385 3587 423 3645 et
443 3571 490 3647 de
512 3590 591 3647 arte
608 3572 792 3647 historica
816 3574 985 3662 addidit,
1010 3574 1074 3648 sed
1094 3599 1137 3648 ea
1158 3574 1287 3649 omnia
1311 3574 1365 3648 ita
1388 3588 1626 3677 comparata,
1650 3586 1697 3645 ut
1709 3596 1797 3645 nos-

386 3706 444 3763 tra
465 3704 574 3764 aetate
595 3687 657 3763 edi
681 3716 760 3763 non
782 3688 955 3763 debeant

483 3836 635 3940 Reliqui
648 3851 739 3910 sunt
757 3836 887 3910 decern
900 3832 1018 3909 Codd.
1032 3835 1287 3938 Neapolitani,
1307 3863 1475 3939 quorum
1488 3836 1663 3939 quinque
1670 3835 1794 3912 Mem-

385 3954 583 4043 branacei,
608 3953 780 4056 quinque
797 3950 1008 4031 Chartacei.
1046 3950 1186 4054 Magna
1205 3950 1347 4025 horum
1372 3953 1562 4027 librorum
1584 3953 1711 4028 suerat
1734 3978 1799 4027 ex-

385 4070 588 4175 spectatio,
614 4096 709 4171 quos
741 4094 854 4143 nemo
882 4093 1077 4169 unquam,
1108 4086 1300 4169 quantum
1320 4069 1497 4171 equidem
1527 4068 1622 4156 scio,
1654 4069 1798 4143 exaud-

388 4186 505 4262 navit
537 4184 750 4261 Accedebat
771 4185 851 4289 ipsa
873 4182 1076 4257 difficultas
1100 4208 1162 4259 eos
1183 4183 1424 4289 inspiciendi.
1452 4184 1532 4259 Nisi
1553 4184 1659 4259 enim
1676 4184 1797 4287 ipsius
