3850 4867
379 296 450 388 ¹¹4

377 473 464 549 nius
490 473 651 548 Romam
685 472 736 550 ad
757 473 996 579 magistratus
1028 475 1214 581 rogandos
1235 471 1496 580 proficiscitur.
1533 473 1580 543 ln
1601 461 1782 542 Numidia

332 607 372 672 50
383 613 422 674 et
436 596 607 674 exercitu
631 615 761 674 nostro
785 625 861 702 pax
882 599 1108 704 agitabatur.
1148 603 1352 702 Postquam
1370 623 1429 672 res
1456 596 1499 670 in
1517 593 1644 668 Africa
1666 603 1783 694 gestas

382 749 538 826 quoquc
556 723 671 798 modo
695 739 789 798 actae
809 723 937 799 forent
956 723 1058 798 fama
1078 723 1302 827 divolgavit3
1334 724 1463 796 Romae
1495 745 1564 824 per
1583 715 1704 792 omnis
1728 711 1785 784 lo-

383 871 446 922 cos
475 863 514 922 et
532 863 741 923 conventus
763 848 812 923 de
838 847 938 923 facto
966 847 1139 922 Consulis
1163 847 1323 950 agitari:
1356 845 1461 950 apud
1487 843 1638 947 plebem
1664 835 1787 943 gravis

385 969 547 1049 invidia:
570 975 697 1047 Patres
716 972 870 1048 solliciti
895 986 1022 1065 erant3
1059 971 1316 1074 probarentne
1346 985 1500 1044 tantum
1523 964 1711 1072 flagitium
1736 987 1788 1034 an
1827 957 1836 969 '

385 1095 582 1171 decretum
610 1095 783 1172 Consulis
802 1096 1088 1185 subvortercnt,
1111 1122 1251 1199 parum
1273 1095 1479 1192 constabat
1528 1097 1584 1167 Ac
1611 1111 1791 1165 maxume

386 1245 447 1295 eos
471 1219 642 1324 potentia
661 1220 811 1310 Scauri,
833 1219 941 1322 quod
969 1219 999 1294 is
1029 1235 1164 1294 auctor
1189 1234 1228 1294 et
1254 1219 1376 1294 socius
1399 1218 1527 1293 Restiae
1549 1216 1744 1290 ferebatur
1771 1237 1792 1282 a

385 1370 475 1419 vcro
501 1344 682 1445 bonoque
705 1343 945 1447 impediebat
978 1348 1029 1418 At
1050 1345 1089 1418 C.
1104 1343 1320 1433 Memmius,
1344 1343 1454 1418 cuius
1474 1341 1521 1416 de
1539 1341 1714 1414 libertate
1734 1336 1794 1409 in·

387 1467 489 1572 genii
504 1483 543 1542 et
564 1468 652 1542 odio
673 1468 853 1570 potentiae
872 1466 1084 1542 nobilitatis
1111 1492 1226 1572 supra
1250 1467 1429 1556 diximus,
1457 1467 1558 1540 inter
1581 1460 1793 1539 dubitatio

389 1617 479 1666 nem
496 1607 536 1666 ct
554 1617 679 1666 moras
696 1591 841 1681 Senati,
866 1589 1115 1665 concionibus
1131 1591 1321 1694 populum
1342 1591 1392 1666 ad
1411 1588 1688 1666 vindicandum
1703 1585 1795 1658 hor-

390 1716 492 1792 tari:
517 1742 690 1804 monere,
715 1740 765 1790 ne
789 1714 1085 1818 rempublicam,
1107 1741 1156 1790 ne
1178 1715 1394 1790 libertatem
1422 1741 1531 1790 suam
1560 1713 1796 1788 desererent:

390 1841 513 1917 multa
532 1841 696 1944 superba
715 1857 754 1916 ct
775 1828 949 1916 crudelia
964 1839 1134 1914 facinora
1164 1839 1375 1914 nobilitatis
1393 1838 1587 1914 ostendere
1608 1869 1618 1931 3
1643 1859 1797 1940 prorsus

391 1965 563 2042 intentus
589 1963 830 2042 omnimodo
861 1963 983 2068 plebis
1013 1963 1189 2039 animum
1221 1963 1461 2050 accendebat,
1506 1960 1579 2037 Sed
1609 1960 1797 2064 quoniam

392 2117 435 2167 ca
460 2105 680 2194 tempestate
698 2091 828 2164 Romae
844 2087 1017 2164 Memmii
1038 2087 1222 2164 facundia-
1244 2089 1347 2164 clara
1364 2088 1588 2193 pollensque
1612 2085 1708 2177 fuit3
1732 2083 1797 2158 de-

393 2240 477 2295 cere
502 2213 746 2305 existumavi,
767 2240 889 2290 unam
904 2240 951 2289 ex
974 2229 1052 2288 tam
1071 2212 1202 2289 multis
1222 2215 1432 2290 orationem
1449 2211 1529 2288 eius
1545 2209 1794 2315 perscribere:

394 2469 499 2526 Franc.
523 2466 622 2546 pluras
635 2462 749 2526 wanti.
776 2462 839 2524 Bas.
851 2463 883 2535 l.
909 2463 998 2525 Bern.
1012 2463 1044 2524 5.
1067 2459 1214 2526 Numidia
1231 2481 1331 2526 sacre.
1354 2463 1439 2524 Rern.
1455 2484 1485 2523 ι..
1509 2460 1572 2524 llas.
1588 2459 1618 2534 d.
1646 2467 1676 2519 at-
1699 2457 1732 2518 in
1751 2477 1795 2520 ur.

395 2569 482 2628 Bern.
497 2567 526 2628 ὅ.
1898 2579 1899 2584 ’

460 2718 535 2802 Cup.
550 2726 599 2787 30.
618 2721 788 2802 divulgavit.
808 2721 871 2784 Bas.
885 2743 911 2788 r.
932 2738 989 2802 quo
1002 2725 1092 2784 niodo
1112 2723 1200 2784 Rom.
1216 2744 1241 2783 1.
1261 2724 1367 2789 Franc.
1384 2723 1454 2784 Ecc.
1473 2721 1570 2786 Gucll'.
1582 2742 1613 2802 9.
1633 2729 1664 2780 et
1677 2739 1797 2798 quomo-
1898 2773 1899 2828 p

399 2831 440 2888 do
458 2827 556 2888 Guell.
570 2827 599 2899 l.
611 2850 639 2910 7.
654 2843 700 2888 ιι.
719 2829 815 2891 stmv.
836 2849 893 2909 quo
913 2831 1059 2908 utromodo
1079 2829 1148 2888 Tur.
1169 2851 1210 2888 m.
1220 2849 1269 2911 pr.
1286 2839 1313 2888 at
1334 2851 1374 2887 m.
1385 2849 1442 2889 sec.
1455 2826 1663 2908 superscripsit.
1683 2824 1798 2887 solliciti

399 2942 494 2992 erant.
516 2942 602 2992 mont
621 2954 681 2999 om.
694 2933 760 2992 Mu.
772 2931 908 2995 Putschii.
925 2935 1086 3013 probarent
1105 2933 1452 3014 impudicitiarum
1467 2941 1536 2991 anto
1555 2933 1704 2991 demum
1720 2951 1795 2998 cons.

398 3040 666 3120 arimannorum.
687 3041 727 3098 ita
741 3039 847 3110 ΒΜ.
863 3058 960 3099 avaro
977 3040 1053 3099 bono
1073 3036 1125 3099 dc.
1140 3060 1160 3099 o
1175 3059 1242 3102 vero
1260 3049 1288 3100 ot
1306 3039 1382 3100 bono
1402 3041 1460 3100 inc.
1479 3059 1505 3096 a.
1526 3037 1684 3117 impediant
1703 3036 1795 3096 Gucll.

400 3146 429 3216 4.
450 3144 552 3226 ingeni
570 3166 640 3205 mox
654 3143 777 3205 Memmi
794 3144 861 3211 Ecc.
881 3165 971 3225 supro
984 3143 1137 3204 doctum
1156 3143 1241 3204 Faba.
1258 3165 1286 3209 a.
1306 3165 1329 3205 s.
1348 3143 1571 3206 memoravimus
1589 3142 1641 3204 dc.
1659 3143 1796 3202 Strata.
1898 3203 1899 3234 ,

400 3251 500 3312 llcusa.
522 3251 599 3310 inter
621 3249 816 3310 &ductiones
843 3250 910 3311 Ecc.
934 3263 963 3312 ct
980 3252 1030 3310 alii
1047 3249 1118 3310 duo.
1147 3271 1265 3312 monere
1279 3251 1379 3332 popul.
1397 3249 1524 3312 Romm
1541 3269 1578 3308 na
1599 3247 1692 3308 libert
1719 3248 1794 3308 Vrat.
1898 3243 1899 3318 l

280 3370 284 3379 “
399 3355 496 3417 senat
512 3377 538 3416 r.
558 3357 659 3421 unu.
672 3376 700 3416 a.
720 3355 805 3416 Rani.
823 3377 848 3416 ι.
868 3356 931 3417 llas.
949 3378 975 3416 ι.
1003 3359 1062 3417 inc.
1078 3376 1106 3418 a.
1124 3356 1206 3418 Laid.
1218 3357 1238 3416 i.
1254 3357 1281 3415 k.
1293 3359 1313 3414 l.
1346 3375 1464 3416 mouera
1476 3377 1545 3436 pop.
1557 3353 1644 3414 Rom.
1658 3372 1696 3413 ns
1711 3374 1794 3434 remp.
1898 3403 1899 3442 3

402 3480 439 3520 nc
456 3460 507 3520 lib.
527 3459 613 3522 Fabr.
626 3482 653 3522 ι.
673 3465 775 3522 Frauc.
793 3461 889 3528 Struv.
910 3464 977 3521 San.
989 3483 1017 3522 a.
1038 3463 1137 3523 llcuu.
1156 3462 1212 3524 de..
1228 3461 1311 3523 Ram.
1325 3481 1352 3521 a.
1374 3460 1471 3522 Guell.
1488 3481 1515 3520 a.
1526 3481 1556 3540 9.
1575 3480 1621 3519 ro.
1644 3457 1794 3520 Leidub.
1898 3443 1899 3520 l

402 3583 429 3623 c.
440 3562 471 3623 d.
485 3584 511 3624 c.
523 3562 554 3624 h.
574 3565 643 3626 Tur.
663 3563 748 3628 ch.
761 3566 790 3631 ὅ.
819 3587 936 3629 monera
948 3587 1009 3626 om.
1026 3571 1097 3628 Eoo.
1114 3568 1196 3649 prius
1214 3587 1250 3628 no
1270 3587 1330 3628 om.
1346 3567 1395 3628 alii
1410 3567 1469 3628 duo
1484 3565 1566 3630 Cort.
1586 3563 1648 3630 llas.
1662 3565 1690 3636 l.
1713 3585 1794 3644 noque

402 3667 451 3729 tit.
472 3677 528 3729 tres
543 3669 626 3731 Gort.
644 3671 783 3732 suibunt.
816 3692 936 3734 monem
949 3691 987 3732 ne
1001 3671 1036 3731 P.
1050 3673 1089 3733 R.
1105 3693 1194 3754 remp.
1210 3693 1300 3754 nequo
1320 3672 1400 3734 Laid.
1413 3695 1441 3755 g.
1464 3691 1520 3732 nort
1537 3671 1586 3732 lu.
1602 3691 1678 3731 unus
1700 3671 1793 3732 Curtii.
1898 3721 1899 3736 .

402 3775 670 3854 wbaeuadclrb
695 3776 858 3838 aestiuus.
884 3777 951 3839 lica.
979 3788 1073 3859 uterq.
1090 3776 1177 3840 llabr.
1206 3778 1330 3840 llemm.
1359 3799 1420 3861 sup.
1435 3787 1464 3838 er
1477 3779 1563 3843 cutd.
1592 3776 1792 3858 plurimilibu'.

403 3887 491 3958 atqua
503 3883 593 3958 gemm.
612 3881 682 3941 Tur.
701 3880 788 3942 Rom.
802 3878 946 3943 Memmii.
975 3883 1061 3946 Rom.
1076 3904 1137 3949 om.
1151 3883 1236 3945 Rom.
1252 3895 1319 3946 1.ct
1334 3884 1529 3946 unusWassii.
1550 3881 1669 3949 luidb,
1689 3881 1794 3944 lllrunii
1898 3965 1899 3968 Ἴ

404 3984 518 4048 fabric.
534 4008 560 4047 1.
589 3987 865 4051 uuaruoratrbnem
879 3999 1001 4050 actim
1016 3989 1077 4052 cius
1101 3989 1186 4051 Bam.
1208 4011 1233 4051 r.
1261 3989 1442 4052 oratiombus
1457 3988 1517 4050 aaa
1542 3987 1639 4053 Guell.
1654 3988 1684 4060 4.
1704 3989 1792 4052 lucau
1898 3983 1899 3998 ¹

406 4091 501 4158 stru.
521 4091 624 4155 Fraus·
644 4093 763 4159 vrato.
783 4094 917 4157 ciosum
933 4094 1030 4160 aaut
1045 4117 1076 4178 9.
1096 4115 1143 4158 ro.
1163 4094 1224 4158 sius
1237 4103 1315 4156 orat.
1334 4095 1396 4154 llas.
1409 4094 1439 4167 4,
1468 4092 1538 4156 Tur.
1559 4113 1595 4156 eo
1611 4093 1711 4156 dicam
1723 4113 1792 4176 quc,
1898 4087 1899 4108 ¹
