3850 4867
394 311 465 384 118

389 484 605 590 publicam:
631 493 717 559 non'
737 509 857 556 manu
872 507 997 583 neque
1021 480 1081 572 νίς
1106 478 1218 582 quod
1235 477 1431 582 magistros
1453 477 1579 554 secisse
1606 493 1719 582 qu'am
1740 478 1785 552 il·

390 609 437 685 lis
463 607 639 684 accidisse
657 607 861 712 iudignum
880 621 958 698 ett;
982 630 1113 680 verum
1142 603 1413 704 questionibus
1445 619 1484 678 et
1502 602 1646 678 indicio
1676 604 1785 707 ipsius
1880 605 1881 608 ’

391 731 606 836 Iugurthae,
630 731 699 833 qui
725 731 756 804 si
784 729 986 805 dediticius
1014 743 1089 817 est,
1124 725 1292 830 prosecta
1312 726 1417 802 iussis
1444 727 1573 802 vestris
1615 728 1786 804 obediens

391 857 478 935 erit:
502 855 563 930 sin
580 881 623 930 ea
646 853 879 942 contemnit,
904 851 1048 926 scilicet
1076 850 1368 940 existumabitis,
1397 849 1520 952 qualis
1540 850 1607 926 illa
1628 867 1701 956 pax'
1723 873 1787 928 aut

395 979 539 1056 deditio
561 979 629 1067 sit,
645 1003 691 1052 ex
709 1003 785 1079 qua
810 976 861 1050 ad
881 973 1108 1079 Iugurtham
1130 973 1318 1050 scelerum
1338 974 1559 1076 impunitas,
1586 976 1635 1052 ad
1653 1003 1788 1080 paucos
1881 1047 1882 1052 ,

391 1100 557 1206 potentis
581 1125 768 1174 maxumae
786 1099 954 1188 divitiae,
984 1099 1024 1173 in
1045 1099 1323 1202 rempublicam
1343 1098 1485 1174 damna
1505 1116 1620 1203 atquc
1637 1101 1788 1178 dedeco-

390 1251 434 1300 re
448 1223 699 1328 pervenerint
744 1222 824 1296 Nisi
838 1221 935 1298 forte
953 1222 1129 1298 nondum
1148 1223 1264 1298 ctiam
1283 1247 1347 1299 ros
1365 1223 1637 1300 dominationis
1660 1253 1788 1302 eorum

389 1347 539 1424 satietas
563 1362 686 1438 tenet,
711 1361 750 1422 et
774 1346 842 1422 illa
876 1373 996 1450 quam
1023 1344 1105 1422 hece
1131 1362 1300 1450 tempora
1326 1346 1443 1452 magis
1466 1347 1648 1451 placent,
1671 1379 1788 1455 quum

390 1499 524 1577 Qua,
548 1472 776 1574 provincie,
795 1471 908 1576 leges,
928 1471 1031 1559 iura,
1058 1469 1223 1562 iudicia,
1251 1471 1350 1546 belle
1369 1487 1485 1574 atque
1502 1501 1632 1577 paces,
1652 1497 1789 1582 postre·

390 1623 454 1673 mo
470 1596 600 1671 divina
622 1612 661 1670 et
683 1594 855 1672 hnmana
875 1596 1004 1670 omnia
1024 1619 1138 1698 penes
1161 1621 1301 1698 paucos
1317 1611 1450 1672 erant:
1473 1624 1536 1674 ros
1556 1618 1703 1693 nutem,
1720 1603 1789 1680 hoc

386 1738 462 1810 est,
486 1721 653 1826 populus
671 1723 885 1809 Romanus,
912 1718 1045 1793 invicti
1068 1719 1117 1792 ab
1139 1717 1329 1810 hostibus,
1354 1719 1597 1824 imperatores
1620 1730 1790 1804 omnium

394 1844 585 1950 gentium,
604 1843 693 1918 satis
716 1843 912 1918 habebatis
938 1843 1110 1917 enimam
1129 1844 1312 1937 retinere3
1342 1871 1434 1920 nam
1464 1849 1684 1928 servitutem
1709 1857 1790 1958 qui-
1883 1938 1884 1968 ,

396 1969 485 2044 dem
504 1968 592 2071 quis
608 1983 774 2042 restrum
797 1991 968 2042 recusare
989 1965 1187 2042 audebat?
1219 1969 1336 2070 Atqui
1356 1995 1442 2074 ego,
1467 1987 1595 2050 tamen
1621 1977 1689 2052 etsi
1713 1981 1789 2054 viro
1883 1989 1884 1998 ’

392 2091 740 2196 flagitiosissumum
778 2091 964 2166 existumo
999 2090 1157 2193 impune
1191 2091 1374 2168 iniuriam
1414 2096 1627 2200 accepisse,
1666 2118 1789 2180 tamen

393 2243 457 2292 vos
483 2215 707 2291 hominibus
719 2214 1026 2289 sceleratissumis
1050 2216 1261 2320 ignoscere,
1280 2217 1465 2320 quoniam
1486 2220 1582 2296 cives
1608 2243 1718 2320 sunt,
1743 2255 1789 2304 εε-

392 2368 470 2444 quo
501 2341 631 2415 animo
654 2354 824 2443 paterer,
859 2339 902 2412 ni
932 2338 1189 2414 misericordia
1229 2339 1271 2413 in
1301 2341 1510 2443 perniciem
1538 2373 1670 2426 casura
1694 2371 1788 2430 esset.
1884 2427 1885 2440 ³

391 2467 489 2538 Nam
510 2461 661 2550 stillis,
683 2478 874 2565 quantum
895 2462 1197 2566 importunitatis
1220 2461 1385 2556 habent,
1408 2493 1547 2570 parum
1568 2489 1642 2564 est,
1667 2475 1789 2584 impu.

391 2613 442 2664 ne
456 2587 556 2662 male
571 2585 717 2676 secisse,
742 2586 816 2659 nisi
839 2586 978 2661 deinde
996 2586 1168 2662 faciundi
1186 2588 1340 2664 licentia
1360 2592 1540 2697 eripitur:
1565 2613 1604 2671 et
1619 2601 1724 2678 vobis
1746 2631 1789 2678 εε-

392 2728 501 2804 terna
528 2708 747 2785 sollicitudo
773 2711 1008 2802 remanebit,
1033 2737 1156 2814 quum
1190 2711 1414 2818 intellegetis
1444 2734 1513 2790 aut
1544 2713 1787 2802 serviundum

391 2860 467 2910 esse
498 2851 566 2908 aut
589 2861 659 2938 per
677 2860 814 2910 manus
846 2835 1060 2910 libertatem
1089 2833 1337 2912 retinendam.
1388 2839 1484 2914 Nam
1517 2839 1604 2920 fidei
1636 2851 1786 2950 quidem

390 3016 459 3077 Tur.
480 3013 580 3086 Basl.
601 3013 679 3074 died
693 3015 799 3094 aliquis
813 3015 890 3075 delet
906 3017 986 3076 Leid.
1000 3038 1026 3077 c.
1047 3019 1133 3077 erasit
1150 3016 1247 3092 Gucll'.
1264 3039 1308 3084 rr.
1328 3019 1502 3097 vossecisae.
1522 3045 1571 3086 voa
1590 3047 1651 3088 om.
1669 3031 1752 3093 Rem.
1763 3057 1787 3101 1.

389 3121 507 3204 indign.
523 3133 573 3182 est.
595 3130 634 3181 est
648 3143 709 3180 om.
723 3123 790 3186 Sen.
806 3141 832 3181 2.
853 3120 986 3193 Goelld.
997 3142 1041 3181 ιο.
1061 3123 1143 3184 Leid.
1154 3124 1174 3182 l.
1194 3125 1348 3186 dccb'ticite
1361 3125 1446 3186 Febr.
1461 3129 1565 3190 1.Sen.
1579 3133 1674 3196 ullas.
1688 3159 1713 3198 ι.
1724 3140 1787 3202 Tur.

392 3249 419 3287 1.
440 3229 508 3290 vin.
530 3227 626 3286 Guelf.
647 3248 671 3285 ι.
685 3247 713 3286 2.
734 3225 794 3286 duo
805 3227 892 3286 llirii.
914 3239 968 3286 tres
986 3229 1098 3287 Wouii.
1119 3228 1245 3290 deditius
1264 3229 1344 3290 Leid.
1360 3235 1381 3292 l.
1393 3253 1432 3292 m.
1453 3235 1569 3297 deditus
1588 3244 1684 3305 ceteri.
1711 3245 1787 3306 iterii

390 3333 497 3394 nostris
516 3331 613 3396 Guell.
629 3353 674 3390 rs.
697 3331 780 3394 Fabr.
797 3352 822 3390 1.
843 3330 904 3390 Bas.
919 3353 945 3396 1.
966 3333 1153 3392 oestuneubt'lis
1173 3333 1248 3396 llirii
1269 3335 1346 3396 libri.
1375 3335 1521 3400 Commel.
1537 3341 1590 3402 itta
1599 3365 1662 3424 pue
1675 3354 1786 3411 atttde·

389 3437 463 3496 ditio
479 3437 525 3500 sil.
547 3437 600 3496 illa
619 3459 680 3496 om.
701 3437 786 3496 Rem.
806 3457 830 3500 ι.
852 3436 959 3502 Franc.
975 3438 1107 3516 possuit
1128 3437 1212 3498 Febr.
1233 3439 1412 3522 Teg.suer1‘t
1432 3443 1528 3506 Guell'.
1545 3441 1590 3508 ri.
1615 3453 1726 3515 deditio
1733 3458 1786 3534 so-

390 3550 435 3599 ret
455 3545 558 3602 Franc.
577 3540 610 3600 in
626 3562 715 3620 remp.
730 3543 843 3600 domna
862 3544 902 3602 sie
920 3541 1034 3602 Gruter.
1056 3541 1140 3606 Febr.
1155 3565 1180 3608 1.
1209 3544 1305 3605 Guell.
1324 3567 1351 3608 2.
1377 3549 1437 3608 inc.
1453 3571 1479 3610 ι.
1506 3551 1587 3614 Leid.
1601 3577 1628 3620 a.
1640 3556 1670 3616 b.
1683 3559 1712 3619 d.
1727 3583 1785 3644 μ.

388 3641 420 3701 h.
442 3643 562 3701 Palatio.
583 3653 616 3702 ot
633 3645 665 3702 in
685 3665 774 3724 recep.
795 3645 861 3706 Eec.
882 3647 951 3704 Vin.
965 3667 990 3705 1.
1011 3645 1094 3707 Rem.
1111 3669 1138 3712 2.
1159 3647 1271 3709 [eidi.
1293 3671 1330 3712 ae
1345 3653 1377 3712 in
1395 3653 1477 3714 Leid.
1490 3679 1516 3718 c.
1537 3661 1579 3719 ad
1593 3681 1682 3742 remp.
1694 3669 1783 3726 ceteri.

389 3751 502 3808 darona
520 3757 607 3826 etque
624 3749 656 3806 d.
678 3757 764 3826 atquc
784 3771 844 3808 orn.
867 3749 951 3812 Febr.
965 3772 990 3810 t.
1017 3754 1141 3814 audebat
1162 3773 1294 3814 recusare
1319 3757 1387 3816 Tur.
1408 3758 1477 3842 Teg.
1507 3768 1673 3827 tamenetsi
1692 3770 1782 3832 Guels.

389 3855 418 3923 4.
441 3853 542 3918 incest.
561 3873 587 3910 2.
616 3851 948 3933 virosflagitiosissimoa
978 3857 1077 3917 Nazar.
1097 3859 1198 3918 Vinar.
1211 3881 1239 3923 2.
1267 3860 1362 3921 Guell.
1375 3883 1400 3922 1.
1414 3867 1549 3947 etplures
1565 3869 1678 3932 Wassii.
1706 3875 1783 3938 Bem.

391 3963 419 4021 5.
444 3957 664 4037 viroflegitios.
685 3960 725 4018 ita
741 3961 845 4042 legitur
858 3981 891 4020 es
905 3960 983 4020 llirii
996 3965 1171 4023 coniectura.
1191 3965 1256 4024 viro
1276 3985 1336 4026 om.
1362 3965 1431 4028 vin.
1448 3991 1473 4030 t.
1493 3971 1588 4033 Senot.
1604 3996 1633 4037 2.
1659 3977 1743 4041 Bern.
1760 4003 1781 4042 ι.

378 4062 485 4142 stugr't.
505 4063 615 4122 estimo
635 4062 704 4123 Tur.
725 4065 823 4124 virum
837 4065 1008 4124 omneasere
1025 4065 1102 4125 libri.
1124 4065 1157 4126 in
1174 4066 1271 4128 virum
1303 4070 1458 4134 Fabrici.
1484 4075 1551 4136 Seu.
1565 4098 1590 4138 t.
1618 4101 1659 4140 m.
1673 4103 1728 4146 sec.
1753 4084 1783 4146 ni

390 4169 454 4229 mis.
475 4189 577 4231 omnes
588 4167 681 4230 Cortii
697 4169 775 4230 libri.
795 4169 857 4230 Bas.
870 4190 895 4235 t.
913 4167 1001 4230 Bcrn.
1014 4191 1039 4235 r,
1070 4189 1141 4230 nem
1158 4179 1187 4232 et
1204 4170 1251 4232 illi
1273 4174 1334 4238 ine.
1353 4175 1438 4240 Rem.
1454 4201 1479 4242 1.
1499 4181 1593 4245 Suus.
1615 4185 1694 4248 Vret
1712 4210 1738 4250 2.
1754 4191 1779 4251 5.
