3850 4867
1479 346 1548 422 291

166 510 242 572 tum
270 496 334 575 hic
357 499 544 593 exhausit,
571 521 760 606 quan-tum
784 505 911 608 potuit
936 520 1003 580 aut
1028 504 1103 583 lide
1128 506 1331 580 nominum
1353 505 1551 593 transiici,

65 606 66 613 ἵ
161 621 280 697 autin
302 623 407 699 navis
427 627 615 702 contrudi.
666 631 862 717 Tantum,
889 634 1070 731 inquam,
1096 632 1221 703 Patres
1239 628 1464 731 conscripti,
1488 654 1552 703 ex·

160 739 298 836 hausit,
323 756 515 850 quantum
535 750 665 825 voluit
716 754 770 826 Ne
786 778 954 826 caussam
976 752 1133 841 diceret,
1157 753 1325 827 sestertio
1347 750 1550 827 duodecies

159 892 241 943 cum
264 872 407 947 Caesare
430 872 643 975 paciscitur.
695 873 811 970 Quod
845 874 876 948 si
913 874 1112 977 quidpiam
1140 901 1275 949 eorum
1311 874 1450 949 falsum
1475 890 1550 966 est3

157 986 216 1065 hic
234 993 364 1095 palam
385 995 530 1085 refelle,
554 997 660 1071 unde
684 1011 745 1086 tu,
767 998 834 1099 qui
859 998 973 1072 modo
998 1024 1047 1071 ue
1071 1010 1271 1099 paternam
1296 998 1453 1101 quidem
1480 998 1550 1073 do-

155 1140 257 1190 mum
276 1118 461 1194 redimere
480 1120 662 1222 potueris,
689 1138 842 1223 repente
869 1138 1065 1223 tamquam
1078 1121 1226 1196 somnio
1244 1122 1396 1211 beatus',
1418 1119 1548 1196 hortos

154 1239 451 1340 pretiosissimos,
476 1242 607 1316 villam
622 1242 775 1317 Tiburti
794 1247 831 1319 C
853 1245 1025 1333 Caesaris,
1041 1245 1206 1349 reliquas
1223 1245 1464 1347 possessiones
1480 1270 1549 1346 pa·

153 1365 287 1439 raveris
299 1368 322 1441 l'
335 1368 465 1469 Neque
481 1367 605 1471 piguit
622 1392 806 1469 quaerere,
823 1393 893 1440 cur
905 1392 972 1470 ego
986 1370 1023 1439 P.
1042 1368 1161 1442 Crassi
1180 1366 1338 1442 domum
1352 1367 1547 1441 emissem:

153 1511 238 1563 curn
259 1505 304 1565 tu
318 1491 451 1567 veteris
472 1492 572 1565 villae
592 1491 770 1566 dominus
784 1490 849 1579 sis,
875 1490 984 1564 cuius
1000 1489 1133 1595 paullo
1150 1505 1240 1564 ante
1257 1488 1382 1565 fuerat
1398 1492 1547 1566 Caesari

152 1613 278 1703 modo,
305 1614 484 1715 inquam,
501 1614 734 1717 patrimonio
752 1640 832 1687 non
849 1639 1012 1701 comeso,
1033 1612 1099 1687 sed
1120 1612 1314 1702 devorato,
1330 1615 1471 1715 quibus
1489 1640 1549 1689 ra·

152 1736 317 1813 tionibus
336 1754 492 1840 repente
505 1737 627 1813 factus
647 1762 684 1811 es
705 1750 784 1809 tam
806 1734 979 1809 adfluens
1001 1751 1039 1808 et
1062 1750 1141 1808 tam
1161 1734 1319 1812 beatm?
1342 1738 1440 1812 Nam
1462 1738 1549 1841 quis

153 1874 185 1931 te
207 1860 350 1935 faceret
376 1858 573 1950 heredem,
598 1886 714 1961 quem
729 1884 779 1933 ne
800 1858 969 1932 amicum
988 1856 1146 1959 quidem
1163 1883 1278 1933 suum
1295 1860 1383 1935 satis
1411 1859 1549 1936 hones·

151 1996 230 2056 tum
244 1982 451 2087 quisquam
468 1982 541 2056 sibi
557 1981 684 2071 ducit,
706 1981 778 2055 nisi
795 1980 927 2055 similis
943 2006 988 2053 ac
1003 2006 1075 2082 par
1091 1980 1150 2054 tui
1164 1984 1180 2057 l
1205 1986 1255 2056 At
1270 1980 1426 2058 hercule
1442 1994 1575 2088 egre-⁸

147 2106 203 2209 gia
219 2106 321 2182 facta
340 2106 530 2181 maiorum
553 2120 709 2179 tuorum
733 2120 769 2179 te
786 2103 1000 2179 extollunt:
1026 2130 1193 2205 quorrun
1209 2105 1284 2180 sive
1306 2120 1351 2180 tu
1382 2130 1420 2181 es
1443 2106 1547 2180 simi-

147 2228 207 2322 lis,
222 2232 301 2308 sive
323 2231 382 2305 illi
403 2232 478 2319 tui,
498 2228 598 2304 nihil
620 2229 669 2303 ad
688 2226 863 2302 omnium
877 2224 997 2299 scelus
1013 2251 1057 2299 ac
1078 2226 1292 2327 nequitiam
1311 2227 1402 2303 addi
1416 2244 1548 2331 potest.

147 2354 314 2445 Verum,
337 2370 383 2429 ut
407 2353 565 2457 opinor,
598 2351 760 2427 honores
789 2350 845 2423 tui
873 2364 908 2422 te
939 2347 1089 2422 faciunt
1121 2348 1354 2425 insolentem
1403 2353 1481 2438 Tu,
1508 2354 1547 2429 C

148 2477 309 2569 Salusti,
335 2477 521 2553 tantidem
544 2491 655 2580 putas
675 2500 750 2549 esse
769 2474 828 2548 bis
844 2488 1057 2549 senatorem
1075 2472 1190 2547 ethis
1208 2490 1433 2574 quaestorem
1445 2472 1548 2550 fieri.

149 2602 286 2703 quanti
316 2601 375 2676 bis
406 2600 643 2675 consularem
663 2613 709 2689 ,et
739 2596 797 2671 bis
819 2593 1119 2698 triumphalem?
1145 2599 1281 2672 Carere
1304 2598 1415 2673 debet
1439 2599 1546 2674 omni

147 2726 261 2817 vitio,
285 2724 420 2829 quiin
448 2722 612 2797 alterum
636 2735 790 2824 paratus
819 2735 874 2793 est
903 2719 1035 2793 dicere
1086 2722 1122 2794 ls
1148 2719 1303 2795 demum
1325 2721 1544 2813 maledicit,

148 2850 214 2949 qui
237 2875 320 2924 non
338 2862 461 2953 potest
483 2872 616 2922 verum
642 2844 691 2918 ab
710 2842 828 2916 altero
848 2839 990 2915 audire.
1040 2841 1111 2915 Sed
1138 2858 1181 2917 tu
1204 2844 1380 2920 omnium
1397 2870 1545 2923 mensa·

148 2998 234 3047 rum
256 2970 423 3061 adserta,
449 2969 624 3044 omnium
645 2965 913 3041 cubiculorum
929 2964 971 3038 in
993 2981 1103 3040 aetate
1114 2966 1260 3068 pellex,
1275 2982 1314 3042 et
1330 2968 1432 3044 idem
1443 2986 1545 3074 post·

148 3118 188 3170 ca
213 3094 380 3185 adulter,
405 3092 528 3168 omnis
554 3089 704 3166 ordinis
722 3085 923 3191 turpitudo
940 3112 978 3162 es
1007 3102 1045 3162 et
1074 3088 1195 3163 civilis
1228 3089 1320 3164 belli
1352 3091 1543 3167 memoria.

149 3218 254 3318 Quid
273 3219 377 3294 enim
393 3215 468 3293 hoc
484 3215 637 3320 gravius
656 3212 737 3318 pati
755 3212 979 3315 potuimus,
991 3236 1109 3315 quam
1126 3212 1232 3312 quod
1253 3228 1290 3288 te
1310 3213 1543 3291 incolumem

150 3343 189 3419 in
212 3342 288 3418 hoc
313 3342 448 3417 ordine
467 3339 665 3414 videmus?
695 3335 835 3411 Desine
858 3334 979 3409 bonos
1009 3335 1310 3437 petulantissima
1334 3338 1543 3412 consectari

150 3466 279 3571 lingua
298 3499 305 3540 :
330 3465 458 3540 desine
479 3461 612 3537 morbo
628 3458 866 3563 procacitatis
882 3458 951 3533 isto
968 3458 1027 3532 uti
1050 3491 1057 3530 :
1083 3458 1212 3532 desine
1226 3486 1544 3562 unumquemque

150 3590 317 3666 moribus
340 3587 414 3663 tuis
441 3584 682 3660 existimare:
718 3580 778 3659 his
804 3580 974 3656 moribus
997 3580 1165 3657 amicum
1182 3582 1267 3660 ¹tibi
1293 3584 1438 3659 efficere
1460 3609 1543 3660 non

151 3817 228 3877 dccet
247 3815 299 3876 Ac.
320 3811 399 3872 Gud.
419 3810 537 3870 hamus
555 3805 616 3864 Bas.
637 3802 685 3861 ills
704 3801 757 3861 uti
774 3800 825 3861 Ac.
845 3801 927 3861 Leid.
940 3822 1015 3865 c.-
1035 3798 1109 3882 Cap.
1123 3804 1152 3863 8.
1172 3802 1214 3862 At
1229 3802 1359 3865 warlus
1377 3802 1439 3865 llas.
1458 3804 1543 3866 ιίιιιιὲ

151 3918 183 3981 lis
201 3942 229 3982 cs
248 3919 310 3979 Bas.
330 3935 431 3977 carere
452 3916 511 4003 inc.
535 3908 642 3971 ordine
658 3906 789 3967 videmus
807 3904 869 3964 Ba.
888 3904 1008 3970 Iside.
1033 3926 1090 3969 ests
1110 3906 1165 3967 tabi
1179 3918 1208 3968 et
1225 3908 1472 3989 amr'crsmsacm
1490 3908 1545 3974 be.

151 4035 219 4087 tam.
232 4032 341 4107 efficere
360 4019 439 4080 Gud.
458 4021 518 4081 inc.
535 4013 589 4073 risi
604 4020 712 4092 efficere
729 4011 791 4071 Bas.
810 4008 991 4076 auditorum.
1010 4011 1063 4091 φιί
1082 4011 1286 4092 (monuisse)
1306 4012 1368 4083 Bas.
1396 4034 1457 4079 uon
1477 4034 1543 4095 quoe

149 4130 287 4195 Satmtu
305 4129 366 4192 Bc.
386 4123 438 4189 se.
459 4123 518 4187 ine.
538 4114 745 4201 qffsripossr’m
763 4110 881 4196 Isidis.
944 4104 947 4113 ¹
1105 4216 1133 4275 *
