3850 4867
1192 419 1197 430 δ
1489 317 1556 396 125

146 511 257 591 gem,
282 515 452 595 aggerem
470 494 610 586 iacere,
630 497 803 600 aliaque,
827 521 913 600 quae
934 495 1087 602 incepto
1104 495 1190 572 usui
1212 498 1352 588 forent,
1377 523 1555 605 propera
1632 502 1638 518 '

142 638 194 686 re
248 617 299 688 At
317 616 527 719 Iugurtha,
543 621 694 725 cognita
711 621 879 696 vanitate
892 636 1007 725 atque
1024 622 1212 725 imperitia
1235 622 1366 727 legati,
1379 671 1381 678 ·
1396 623 1604 700 subdole'ss

140 734 227 816 eius
249 763 386 844 augere
405 745 612 820 amentiam
633 778 640 818 :
665 744 847 820 missitare
864 745 1116 850 supplicantis
1135 746 1299 850 legatos:
1330 747 1430 848 ipse,
1454 774 1549 849 qua·

141 859 175 934 si
206 862 442 941 vitabundus
468 894 537 971 per
560 868 723 946 saltuosa
755 869 839 946 loca
879 857 917 945 et
953 871 1119 945 tramites
1149 871 1355 945 exercitum
1387 869 1554 948 ductare.

141 986 329 1089 Denique
347 981 578 1096 Aulum'spe
602 995 789 1096 pactionis
810 993 1002 1099 perpulit,
1028 995 1104 1085 uti,
1140 994 1273 1068 relicto
1298 993 1482 1085 Suthule,
1511 994 1553 1070 in

142 1109 297 1186 abditas
316 1115 484 1218 regiones
505 1142 602 1208 sese,
623 1118 742 1194 veluti
765 1118 981 1210 cedentem,
1005 1119 1283 1221 insequeretur;
1310 1119 1391 1216 (ita
1414 1118 1550 1196 delicta

139 1236 354 1312 occultiora
380 1238 521 1339 fuere.)
564 1245 713 1318 Interea
741 1269 811 1347 per
826 1239 999 1318 homines
1020 1243 1176 1318 callidos
1195 1243 1257 1317 die
1280 1260 1474 1346 noctuque
1490 1270 1552 1318 ex-

143 1359 312 1436 ercitum
336 1366 567 1469 temptabat:
593 1367 832 1442 centuriones
852 1367 1042 1470 ducesque
1074 1383 1308 1459 turmarum,
1335 1369 1477 1473 partim
1492 1365 1568 1441 uti

143 1485 448 1591 transfugerent,
472 1516 733 1595 corrumpere3
757 1491 824 1567 alii
848 1492 955 1596 signo
976 1491 1065 1566 dato
1089 1491 1218 1566 locum
1242 1493 1300 1566 uti
1330 1493 1565 1566 desererent·

141 1608 243 1704 Quae
255 1627 460 1716 postquam
472 1641 519 1689 ex
531 1615 717 1690 sententia
731 1603 903 1705 instruit,
917 1616 1139 1720 intempesta
1155 1633 1266 1691 nocte
1284 1615 1331 1692 de
1347 1613 1549 1719 improviso
1630 1713 1637 1724 .

139 1732 398 1829 multitudine
415 1737 670 1813 Numidarum
686 1739 776 1813 Auli
797 1756 917 1813 castra
942 1738 1200 1815 circumvenit.
1249 1740 1390 1815 Milites
1412 1741 1549 1814 Roma·

137 1857 204 1948 ni,
231 1860 398 1962 perculsi
429 1861 602 1937 tumultu
628 1863 799 1954 insolito,
826 1892 931 1938 anna
958 1891 1094 1969 capere
1124 1865 1209 1955 alii,
1234 1863 1301 1936 alii
1328 1891 1367 1939 se
1389 1864 1548 1957 abdere,

137 1984 401 2083 parsterritos
431 1985 678 2080 confirmare3
702 1987 891 2092 trepidare
916 1989 1095 2062 omnibus
1116 1987 1226 2062 locis:
1251 1987 1306 2062 vis
1323 2016 1460 2093 magna
1477 1988 1548 2064 ho-

138 2102 281 2197 stium,
306 2109 450 2185 coelum
475 2127 589 2186 nocte
618 2127 733 2214 atque
750 2112 920 2186 nubibus
945 2113 1214 2204 obscuratum
1237 2113 1454 2213 periculum
1479 2139 1548 2186 an·

139 2254 245 2324 ceps:
272 2248 461 2334 postremo
500 2234 630 2339 sugere
663 2261 715 2313 an
747 2261 902 2310 manere
932 2235 1052 2309 tutius
1079 2233 1188 2324 soret,
1214 2234 1256 2308 in
1281 2235 1424 2310 incerto
1456 2255 1547 2313 erat

140 2353 212 2428 Sed
232 2383 281 2430 ex
301 2382 346 2431 eo
367 2384 549 2448 numero,
571 2384 666 2462 quos
690 2358 822 2462 paullo
855 2376 945 2434 ante
972 2375 1169 2462 corruptos
1196 2357 1378 2450 diximus,
1413 2359 1546 2436 cohors

141 2502 219 2552 una
247 2478 551 2584 Ligurumcum
585 2483 735 2558 duabus
770 2483 903 2558 turmis
929 2481 1124 2556 Thracum
1149 2498 1187 2557 et
1207 2484 1337 2586 paucis
1370 2485 1545 2590 gregariis

138 2601 329 2679 militibus
362 2607 541 2681 transiere
568 2606 619 2682 ad
645 2633 787 2710 regem:
811 2622 850 2682 ct
866 2607 1040 2687 centurio
1056 2607 1172 2709 primi
1194 2607 1264 2711 pili
1292 2608 1410 2682 tertiae
1428 2607 1543 2712 legio·

140 2725 197 2800 nis
220 2754 292 2832 per
313 2730 589 2820 munitionem,
615 2757 731 2834 quam
757 2729 815 2804 uti
841 2728 1059 2803 defenderet
1088 2746 1299 2831 acceperat,
1326 2731 1454 2806 locum
1474 2731 1542 2808 ho-

139 2848 261 2927 stibus
281 2852 504 2930 introeundi
535 2853 661 2930 dedit:
693 2880 813 2960 eaque
829 2852 1005 2928 Numidae
1030 2851 1160 2928 cuncti
1187 2853 1382 2957 irrupere„
1417 2856 1542 2931 Nostri

180 3056 252 3140 Cep.
265 3058 314 3121 38.
334 3059 453 3121 subdole
470 3061 539 3121 vin.
560 3061 627 3120 Sen.
644 3082 670 3119 ι.
690 3059 752 3118 Bas.
767 3081 792 3119 1.
803 3059 833 3130 4.
855 3080 923 3118 cum
939 3057 1030 3118 tribus
1044 3059 1107 3117 aliis
1116 3055 1194 3118 Cort
1208 3057 1288 3117 Leia:
1299 3081 1338 3123 tn.
1360 3061 1472 3141 aliquot
1481 3061 1539 3125 Pal.

137 3159 203 3244 leg.
225 3165 312 3227 Paris.
322 3164 352 3225 b.
364 3187 390 3226 c.
401 3166 430 3231 d.
445 3187 470 3226 e.
490 3165 560 3226 Tur.
573 3165 658 3231 Bern.
673 3187 697 3230 ι.
710 3165 740 3224 5.
760 3165 880 3224 subdolo
900 3165 980 3227 Vrat.
993 3183 1019 3223 2.
1032 3163 1061 3222 3.
1085 3163 1168 3223 Paris.
1180 3185 1205 3226 a.
1226 3161 1362 3223 subdolus
1376 3164 1458 3224 Coit.
1481 3167 1546 3228 eius

140 3284 205 3345 attg-
218 3291 305 3349 pron.
319 3291 380 3332 om.
394 3270 479 3331 l'abr.
494 3291 519 3330 r.
532 3271 602 3331 vin.
617 3292 644 3330 a.
665 3270 863 3346 occultfiterc
874 3268 991 3328 Comm.
1004 3269 1111 3348 aliique
1120 3276 1221 3328 votust.
1231 3288 1264 3326 ex
1275 3265 1357 3326 Cort.
1376 3267 1457 3327 Leid.
1469 3291 1495 3329 a.
1507 3270 1537 3329 b.

138 3389 197 3432 ce.
212 3374 275 3442 th.
290 3379 311 3435 i.
324 3378 352 3437 k.
364 3379 384 3436 l.
407 3377 505 3436 Pemb.
525 3376 558 3440 B.
570 3375 641 3436 Pub.
652 3376 743 3434 Mark.
754 3387 789 3438 Λ.
810 3374 871 3432 Bar.
885 3395 909 3432 1.
930 3373 998 3431 Tur.
1019 3375 1126 3450 forent
1140 3383 1194 3432 aut
1202 3381 1291 3432 essem
1305 3375 1400 3454 xmulti
1417 3375 1465 3433 alii
1484 3395 1539 3456 pro

139 3478 214 3536 retia
225 3482 359 3541 lectione.
371 3485 445 3560 sora
475 3502 509 3541 ex
525 3480 606 3546 Cort.
627 3481 710 3539 llem.
722 3501 749 3544 a.
769 3480 864 3541 Strut-
886 3481 1024 3538 itinerar.
1045 3477 1148 3541 Franc.
1169 3477 1257 3542 Aeaci.
1277 3479 1372 3536 Sonat.
1391 3499 1417 3537 a.
1439 3477 1539 3540 Henu.

139 3577 232 3643 Guell'.
244 3585 273 3651 3.
287 3607 333 3646 ιι.
354 3589 443 3649 Palat.
464 3597 585 3668 septem.
605 3587 667 3651 Bas.
680 3587 708 3656 l.
723 3575 806 3644 Bora.
820 3606 844 3642 1.
865 3583 934 3664 'l'eg
956 3582 1015 3639 Erl.
1036 3581 1154 3640 iristrtu'!
1169 3582 1231 3641 Bas.
1248 3603 1271 3640 r.
1288 3583 1315 3652 4.
1337 3581 1421 3642 Fabr.
1441 3584 1499 3645 inc.
1511 3603 1538 3644 a.

139 3682 237 3748 ane.
257 3692 324 3752 Seu.
344 3691 412 3752 Vin.
433 3692 533 3751 Heuss.
553 3691 634 3751 Leia.
650 3713 677 3750 a.
686 3691 715 3755 b.
727 3712 753 3751 c.
767 3689 796 3749 d.
807 3711 833 3748 e.
846 3686 909 3752 th.
925 3689 945 3745 i.
959 3687 1019 3750 k.1.
1032 3707 1072 3744 m.
1093 3685 1162 3744 Tur.
1182 3685 1266 3745 Berua
1284 3705 1308 3749 t.
1323 3687 1350 3750 3.
1372 3685 1422 3747 Ac.
1440 3687 1537 3754 Strur.

139 3789 248 3858 Vtata.
268 3795 366 3857 Guelf.
379 3796 597 3878 1.d.9.1o.11.
617 3795 782 3858 sextvaeii.
802 3791 941 3852 ittstrttrt't
952 3792 1051 3850 ceteri.
1062 3788 1274 3850 Albinianam
1294 3790 1373 3850 Letd.
1383 3793 1403 3850 l.
1417 3789 1485 3853 Naz.
1495 3813 1536 3854 nt.
1559 3797 1570 3806 '

142 3914 185 3974 pt·
201 3903 396 3983 tunultupcr.
410 3902 451 3961 in.
472 3900 557 3966 Fabi.
578 3901 646 3960 vin.
660 3921 685 3958 1.
708 3900 803 3959 Sunt.
822 3896 901 3956 Vrat.
919 3917 943 3953 ι.
963 3894 1067 3954 Franc.
1088 3903 1141 3952 tres
1156 3893 1253 3953 Guell.
1269 3893 1338 3954 Tur.
1352 3915 1435 3974 perc.
1448 3905 1469 3958 t:
1481 3897 1536 3959 ihr.

140 4005 231 4067 acted.
252 4006 417 4088 magrmvcis
429 4007 504 4067 tosa.
518 4005 588 4066 Tur.
607 4003 677 4086 Τις.
698 4004 766 4067 nub.
787 4011 874 4078 atque
895 4009 980 4059 nocte
999 3998 1069 4058 Tur.
1089 3997 1187 4068 Basa.
1206 4019 1358 4078 amcap.
1381 4000 1534 4082 (altiora.)

141 4103 232 4169 Strav-
252 4110 318 4172 Eoc.
338 4113 398 4172 inc.
414 4133 439 4170 1.
455 4109 558 4171 anc.
570 4131 597 4168 a.
610 4108 714 4176 Guell,
724 4129 749 4166 1.
763 4107 793 4178 A.
807 4127 837 4186 9.
847 4104 938 4185 pauci
951 4124 990 4163 er
1009 4105 1100 4164 Mari.
1116 4116 1151 4166 lt.
1173 4123 1213 4160 m.
1228 4121 1284 4164 sec.
1301 4103 1404 4183 percu
1419 4123 1457 4164 ec
1476 4107 1539 4168 inc.

144 4226 170 4267 θ·
187 4217 311 4278 tanate
321 4216 480 4280 talesan.
490 4237 519 4277 a.
532 4214 613 4278 Vtut.
624 4233 653 4275 a.
669 4212 769 4282 Hense.
776 4210 845 4273 Nu.
856 4210 952 4275 Pal-2.
966 4208 1129 4292 irrumpere
1135 4208 1204 4270 tin.
1215 4226 1242 4273 1.
1251 4207 1306 4274 Ac.
1314 4209 1381 4269 Sea.
1393 4229 1423 4269 a.
1434 4209 1534 4273 usne
