3850 4867
1487 381 1550 432 121

151 530 358 610 tribunum
383 535 504 640 plebis
523 562 661 642 magna
682 536 855 614 mercede
871 549 1002 640 parat,
1029 537 1138 612 cuius
1164 534 1403 641 impudentia
1423 521 1557 613 contre

149 655 208 731 ius
239 675 279 733 et
309 661 470 737 iniurias
492 662 615 738 omnis
636 661 810 736 munitus
832 661 937 736 foret
992 663 1043 733 At
1063 663 1100 736 Ο.
1114 662 1348 750 Memmius,
1374 660 1558 736 advocata

148 785 360 876 concione,
386 813 622 890 quamquam
638 785 717 891 regi
745 783 879 860 infesta
899 785 1026 889 plebes
1044 801 1140 876 erat,
1166 803 1204 862 et
1220 813 1307 890 pars
1333 787 1375 860 in
1401 784 1560 864 vincula.
1584 844 1585 848 ,

147 906 238 982 duci
261 909 435 1001 iubebat,
457 937 560 1016 pars,
589 911 632 986 ni
651 908 770 984 socios
786 908 934 984 sceleris
952 909 1010 983 sui
1031 909 1213 1013 aperiret,
1240 935 1345 986 mone
1366 910 1557 992 maiorum

146 1029 194 1104 de
215 1029 327 1109 hoste
340 1034 574 1139 supplicium
590 1032 711 1124 sumi3
736 1031 914 1134 dignitati
939 1059 1058 1134 quam
1093 1031 1159 1106 irae
1187 1034 1304 1138 magis
1335 1034 1556 1126 consulens,

145 1153 278 1230 sedare
298 1173 425 1231 motus
450 1175 489 1232 et
514 1159 660 1232 animus
682 1183 816 1230 eorum
837 1156 1007 1250 mullire3
1031 1172 1219 1261 postremo
1237 1157 1487 1262 confirmare,
1514 1157 1557 1232 fi·

146 1275 235 1352 dem
252 1280 452 1382 publicam
470 1308 539 1384 per
557 1306 632 1355 sese
649 1280 872 1354 inviolatam
893 1279 982 1354 fore.
1034 1285 1141 1370 Post,
1166 1281 1236 1356 ubi
1263 1282 1459 1356 silentium
1480 1309 1556 1358 cce·

146 1402 223 1502 pit,
250 1404 442 1505 producto
458 1402 661 1507 Iugurtha,
686 1404 798 1478 verba
816 1403 923 1477 facit:
948 1405 1077 1478 Romae
1096 1405 1362 1509 Numidiaeque
1385 1405 1564 1482 facinora.
1587 1444 1599 1464 ·

147 1525 228 1600 eius
251 1545 463 1619 memorat;
486 1529 624 1604 scelera
643 1529 686 1601 in
711 1542 860 1629 patrem
883 1526 1093 1629 fratresque
1119 1529 1300 1605 ostendit:
1327 1530 1469 1632 quibus
1496 1531 1556 1606 iu-

147 1651 332 1725 vantibus
356 1652 573 1755 quibusque
592 1651 774 1726 ministris
792 1677 836 1725 ea
862 1650 995 1752 egerit,
1020 1679 1257 1754 quamquam
1273 1635 1470 1759 intellegat
1488 1682 1556 1759 po-
1675 1739 1684 1752 ⁶

147 1774 263 1874 pulus
286 1777 496 1867 Romanus,
520 1792 648 1851 tamen
675 1773 772 1850 velle
800 1773 999 1849 manifesta
1034 1777 1150 1881 magis
1178 1803 1223 1852 ex
1250 1777 1318 1852 illo
1341 1777 1498 1878 habereg
1511 1780 1555 1854 'si

147 1923 233 1972 vera
259 1900 424 2003 aperiat,
449 1900 490 1973 in
517 1899 591 1974 lide
615 1914 653 1974 et
672 1889 873 1972 clementia
898 1897 1034 2001 populi
1053 1901 1216 1975 Romani
1237 1928 1416 2006 magnam
1449 1929 1555 2008 spem

146 2018 205 2099 illi
218 2022 354 2096 sitam:
377 2023 438 2096 sin
455 2023 626 2111 reticeat,
652 2047 733 2096 non
753 2021 861 2096 sociis
881 2021 998 2096 saluti
1020 2022 1123 2115 fore3
1146 2024 1211 2099 sed
1236 2050 1274 2100 se
1297 2051 1459 2129 suasque
1471 2051 1553 2132 spes

149 2162 435 2251 corrupturum.
486 2145 654 2235 Deinde,
680 2146 749 2220 ubi
771 2145 974 2220 Memmius
987 2145 1149 2224 dicundi
1169 2146 1287 2224 finem
1305 2149 1413 2242 fecit,
1429 2167 1468 2226 et
1487 2153 1551 2226 lu·
1563 2166 1601 2238 sl

146 2268 289 2372 gurtha
313 2270 539 2374 respondere
568 2271 687 2345 iussus
712 2286 787 2358 est,
815 2272 853 2344 G
873 2270 1041 2362 tebius,
1066 2271 1244 2347 tribunus
1271 2274 1412 2378 plebis,
1438 2301 1554 2378 quem

147 2394 314 2494 pecunia
336 2411 562 2499 corruptum
586 2393 900 2498 supradiximus,
923 2420 1049 2498 regem
1068 2411 1190 2471 tacere
1206 2396 1328 2473 iubet:
1355 2425 1400 2474 ac
1424 2415 1551 2476 tamen

147 2519 214 2592 etsi
243 2518 476 2609 multitudo,
502 2544 589 2621 quse
623 2520 665 2593 in
696 2516 879 2592 concione
911 2516 1061 2609 aderat,
1094 2517 1336 2600 vehementer
1373 2549 1551 2612 accensa,

228 2698 363 2780 capse.
384 2709 484 2759 lamen
497 2697 551 2760 etsi
569 2701 638 2760 Vm.
653 2721 678 2759 ι.
700 2721 740 2759 ιιι.
752 2719 798 2780 pr.
819 2709 919 2758 tumen
929 2698 991 2759 siet
1010 2699 1108 2765 Gueli.
1122 2721 1168 2760 ιι.
1188 2711 1252 2762 erat
1263 2702 1360 2762 uncini
1375 2703 1443 2788 Teg.
1461 2709 1553 2768 ‹trutc-v

148 2812 180 2861 ια
196 2824 230 2864 eu
245 2813 374 2885 gesserat
393 2823 457 2883 qna
473 2825 561 2884 supra
575 2803 705 2864 &bimus
720 2804 800 2864 Vrat.
816 2825 841 2861 ι.
854 2824 882 2869 ι.
902 2805 971 2864 Vm.
985 2825 1013 2864 ι.
1035 2805 1102 2865 Ecc.
1124 2805 1221 2866 Guelf.
1241 2828 1265 2866 ι.
1279 2808 1308 2869 3.
1323 2831 1351 2890 9.
1368 2831 1413 2870 ιι.
1435 2813 1473 2872 ita
1488 2814 1553 2874 edi-

99 2949 105 2969 .
149 2906 192 2967 dit
212 2908 335 2970 Havete.
356 2909 583 2968 adsentientibus
606 2908 743 2968 omnibus
755 2909 837 2969 Leid.
854 2929 949 2990 neque
971 2910 1007 2970 de
1027 2911 1148 2988 Palatia.
1165 2912 1277 2992 aliquid
1298 2918 1417 2974 monuit
1435 2914 1551 2979 Gruter.

139 3015 267 3085 firmaret
277 3033 315 3073 ea
326 3013 433 3074 nostris
452 3013 514 3078 Bne.
530 3035 554 3077 ι.
575 3012 659 3077 Bern.
672 3013 701 3074 3.
721 3025 829 3074 currem
833 3023 962 3094 gesserat
980 3015 1076 3078 Strar.
1096 3013 1207 3074 Arond.
1228 3018 1313 3083 Paris.
1325 3019 1355 3078 b.
1376 3022 1551 3084 memoravi-

148 3137 211 3177 mus
229 3119 316 3179 ceteri
330 3118 422 3178 Curtii
433 3119 511 3178 libri.
524 3116 626 3189 Beni.
647 3138 832 3178 narravrmus
850 3115 920 3183 Tur.
932 3118 1111 3180 iusetiniur.
1128 3119 1169 3181 vis
1180 3130 1209 3180 et
1220 3121 1311 3182 iniur.
1326 3128 1414 3206 longe
1427 3128 1550 3205 plurimi

150 3219 242 3283 Cottii
266 3222 344 3283 libri.
374 3233 403 3282 et
412 3243 483 3303 pars
497 3223 530 3281 in
546 3243 575 3287 v.
606 3231 635 3281 et
649 3243 711 3281 om.
740 3223 824 3283 Rern.
839 3245 866 3282 ι.
895 3222 992 3283 Gnell'.
1005 3224 1034 3294 4.
1063 3224 1217 3303 aperuisset
1248 3227 1310 3287 Res.
1322 3227 1351 3299 A.
1379 3229 1493 3290 sceleris
1504 3230 1552 3290 sui

150 3320 234 3406 pron.
256 3348 317 3387 om.
329 3328 407 3388 llirii
421 3327 498 3388 libri.
519 3326 645 3388 lierni.
675 3331 706 3387 d.
721 3348 810 3406 quum
823 3328 877 3390 iroe
895 3328 992 3408 magis
1006 3349 1031 3389 c.
1059 3331 1100 3389 ita
1116 3328 1214 3391 Guell.
1233 3353 1258 3396 1.
1271 3332 1299 3393 3.
1316 3334 1345 3404 l.
1364 3355 1410 3394 ιι.
1435 3333 1547 3401 Fabrlc.

151 3427 209 3490 Bru.
222 3454 248 3492 1.
262 3430 291 3503 Α.
310 3431 380 3491 Tur.
400 3434 441 3492 ita
454 3431 547 3493 Wass.
569 3431 685 3492 Gruter.
706 3434 827 3496 Harcrc.
845 3434 1009 3494 ediderunt.
1030 3435 1098 3494 vin.
1119 3436 1215 3496 Senat.
1236 3459 1262 3502 1.
1282 3439 1377 3500 Strur.
1399 3439 1460 3519 dig.
1480 3461 1547 3500 mu-

148 3537 192 3614 gr's
210 3557 299 3616 quam
317 3539 414 3599 ceteri.
434 3536 548 3596 αιιίιηοι
558 3556 659 3597 eorum
679 3557 766 3620 pron.
785 3559 846 3598 οιιι.
864 3539 949 3599 Rem.
969 3523 994 3598 ι.
1015 3560 1091 3600 unus
1101 3541 1213 3607 Wassii.
1242 3543 1355 3620 usecit
1381 3542 1462 3604 leid.
1473 3567 1500 3605 a.
1515 3547 1547 3606 d.

152 3639 217 3700 eh.
237 3641 300 3707 Bes.
312 3642 341 3711 l.
368 3662 403 3702 ea
418 3643 509 3720 egerit
538 3663 625 3723 pron.
639 3663 689 3701 om
706 3644 774 3702 Vin.
786 3664 814 3702 ι.
843 3662 888 3722 eg.
907 3664 942 3703 ea
969 3643 1064 3704 Strur.
1085 3645 1144 3704 inc.
1156 3665 1184 3710 ι.
1204 3646 1237 3704 in
1245 3647 1364 3723 sturm
1377 3659 1548 3729 patremque

151 3743 208 3806 Bas.
223 3768 249 3808 ι.
268 3747 296 3806 si
307 3767 407 3809 cerum
422 3747 535 3827 aperiat
554 3746 616 3807 Bas.
635 3769 661 3806 1.
681 3746 767 3807 Bern.
781 3768 806 3805 ι.
836 3751 923 3829 pauci
940 3768 975 3808 ex
990 3745 1071 3807 Cort.
1094 3751 1265 3810 recentiores
1278 3751 1399 3813 Palatia.
1425 3753 1507 3815 leid.
1524 3757 1546 3815 l.

133 3849 240 3924 liuh.
258 3865 289 3917 r.
309 3873 344 3912 ex
357 3862 479 3912 correct.
509 3873 571 3913 non
587 3852 676 3913 saluti
688 3853 772 3912 sociis
782 3854 856 3931 soro
875 3851 937 3914 Bes.
954 3874 980 3917 1.
1004 3854 1307 3935 sedsesuasquespes
1330 3868 1548 3938 cornutum.

151 3933 205 4038 rese
219 3976 340 4036 meque
359 3957 425 4035 (sed
439 3957 565 4035 omisso)
587 3956 723 4028 Guelll.
741 3978 787 4018 ro.
808 3957 888 4019 Vrat.
901 3977 927 4016 2.
940 3957 970 4018 3.
991 3956 1059 4019 Vin.
1071 3979 1100 4018 2.

229 4082 303 4167 Cap.
324 4085 371 4156 54.
401 4084 526 4146 dicundi
544 4085 640 4145 Gucll.
658 4084 687 4147 ὅ.
715 4095 814 4146 tamen
829 4084 882 4148 usi
910 4087 1010 4146 lleuss.
1039 4089 1122 4149 voltu
1139 4088 1201 4149 Bas.
1221 4111 1245 4148 ι.
1266 4091 1346 4152 Vrst.
1358 4093 1503 4157 s.Senat.
1515 4113 1544 4155 2.

151 4187 246 4254 trouu.
267 4185 463 4253 anusWassii.
481 4190 609 4254 discessit
625 4191 705 4257 Leid.
717 4193 747 4254 d.
760 4193 781 4252 f.
793 4190 855 4256 ui.
875 4195 973 4275 plures
983 4191 1059 4256 Ririi
1074 4193 1215 4256 stWassii
1228 4194 1476 4280 commaliqaot.
1489 4199 1546 4259 Pa-

1103 4324 1148 4398 16
