3850 4867
1547 332 1574 406 9
1629 387 1636 393 „
1741 415 1745 422 ,

169 529 237 572 mos
254 529 357 571 eorum
376 509 475 569 erexit.
504 508 554 581 43.
569 506 703 567 Statilius
721 504 868 568 Gabinius
886 508 932 583 nti
952 535 971 557 ο
989 514 1203 588 exsequeretur.
1231 504 1280 577 48.
1296 502 1438 563 Senatum
1459 497 1573 562 edocet.

168 622 221 689 49.
235 607 415 669 exercebant.
438 606 486 665 5ο.
501 605 538 663 nd
560 624 628 663 eum
644 604 698 664 ubi
716 616 839 665 rentum
857 614 910 663 est.
934 604 982 663 51.
996 603 1047 663 sed
1071 606 1138 663 aliis
1164 604 1223 661 alia
1241 633 1262 648 -
1280 619 1375 660 mores
1390 610 1480 679 atque
1504 618 1573 659 mo-

117 710 126 719 '
168 702 294 764 destiam
314 736 333 751 -
352 702 512 763 laudabat?
537 704 709 776 sceleratos,
729 703 866 761 factiosos
886 733 906 748 -
926 702 993 781 quis
1015 702 1108 761 finem
1135 707 1253 759 statuet.
1283 698 1332 758 55.
1346 698 1505 778 paululum
1523 712 1575 753 es·

167 800 302 860 cenderis
313 834 330 846 -
343 800 481 858 dimissus
499 807 551 858 est.
575 798 622 859 58.
636 820 718 857 nunc
736 818 805 858 rero
825 818 886 878 quo
907 802 984 858 loco.

250 895 404 975 thgrsrtbu
429 916 493 975 cap.
508 896 537 965 4.
559 894 683 973 adeptus
702 916 767 953 sum
788 898 889 975 quales
908 927 928 942 -
948 899 1027 954 clara
1045 904 1135 973 atque
1154 895 1322 975 magnifica.
1345 885 1573 950 6666116666-

168 1010 238 1053 rum
257 996 357 1053 artatis.
379 1016 407 1073 7.
426 995 512 1051 facilc
531 1012 705 1051 occasurum
722 1022 741 1038 -
760 992 858 1050 Publii
871 992 1030 1072 Scipionis.
1056 1012 1102 1050 ιο.
1115 991 1235 1049 Falsum
1246 988 1353 1047 habuit
1366 1006 1415 1046 me
1432 1016 1452 1032 ·
1471 994 1578 1044 nutura

166 1090 261 1149 finem
289 1091 369 1149 facit.
393 1109 437 1147 ιι.
460 1091 547 1147 illum
565 1087 659 1147 tribus
678 1078 819 1168 proximis
844 1088 1016 1168 adoptione.
1041 1087 1087 1159 sl..
1100 1107 1152 1149 vos
1174 1086 1311 1145 affinium
1342 1088 1410 1142 loeo
1428 1112 1448 1131 ·
1466 1080 1574 1139 amiei-

166 1187 244 1245 tiam
261 1189 419 1245 coluerunt
438 1185 614 1263 (diligenter
634 1206 674 1243 m.
693 1205 751 1244 sec.
775 1183 1008 1264 superscripsit).
1042 1186 1087 1243 ι5.
1109 1203 1147 1244 ne
1167 1184 1262 1241 alium
1282 1188 1430 1261 putarent.
1454 1199 1501 1258 ¹7·
1523 1194 1573 1235 ar·

168 1280 238 1340 bori
252 1282 439 1363 infecundus.
468 1303 513 1361 ¹9·
528 1283 594 1341 aliis
605 1280 727 1341 -asidis
736 1322 747 1355 ,
768 1282 932 1361 (itaprima
949 1302 1055 1340 manus
1073 1280 1221 1360 scripsisse
1244 1276 1388 1354 ridetur).
1411 1294 1459 1334 ιο.
1476 1271 1574 1333 Africa

166 1376 324 1437 discessere
343 1411 362 1425 -
380 1378 618 1437 vendicaturum.
642 1398 688 1437 ιι.
702 1377 750 1436 die
768 1388 930 1453 extremum
952 1380 1063 1457 (prima
1077 1396 1193 1450 manus,
1208 1385 1355 1455 quantum
1366 1371 1463 1449 rideo)
1484 1401 1503 1417 -
1522 1367 1572 1430 di-

166 1492 265 1554 gnum
288 1475 359 1533 iore.
383 1475 430 1535 ι3.
449 1475 487 1533 ad
504 1476 643 1534 virtutem
662 1476 781 1553 erigere.
805 1476 852 1533 68.
866 1494 992 1556 regnum
1009 1476 1108 1555 ipsum
1129 1472 1274 1532 deditum.
1305 1469 1400 1531 3661
1417 1469 1571 1548 quisunt,

166 1570 233 1649 qni.
253 1570 302 1630 33.
316 1573 341 1629 si
358 1591 460 1631 verum
479 1572 601 1651 aperiat.
625 1576 673 1642 34.
687 1570 827 1630 discessit.
849 1571 897 1631 35.
913 1572 1036 1630 obmisit
1055 1571 1221 1630 -Romam
1242 1568 1368 1627 recessit.
1391 1564 1441 1626 38.
1461 1563 1572 1623 Numi·

165 1663 219 1724 dis
236 1665 420 1726 decederent.
442 1680 491 1740 44.
514 1668 616 1725 auxilii
636 1677 688 1726 aut
712 1668 774 1746 spei
793 1667 958 1726 accedebat.
981 1668 1030 1727 6ι.
1046 1668 1180 1727 accersiri
1192 1664 1277 1745 jubet
1295 1695 1315 1711 ·
1336 1673 1365 1722 at
1381 1661 1491 1722 Romae.
1521 1660 1570 1721 66.

164 1763 244 1836 alia,
267 1783 340 1843 qua.
372 1764 420 1823 68.
436 1765 543 1839 animis
564 1782 666 1823 eorum
685 1765 787 1822 erectis
809 1765 862 1842 (ex
880 1764 1112 1842 emendatione).
1136 1785 1183 1844 71.
1200 1762 1336 1821 exsertis
1355 1760 1504 1840 cognorit.
1520 1758 1568 1839 75.

163 1856 199 1917 id
216 1858 365 1937 oppidum
383 1890 403 1905 -
422 1858 465 1917 ibi
485 1862 573 1918 multi
594 1860 666 1937 (quse
687 1880 767 1919 man.
787 1879 844 1919 sec.
861 1859 997 1939 addidit)
1019 1893 1038 1908 -
1057 1881 1093 1920 eo
1110 1861 1242 1939 imponit
1258 1888 1280 1904 ·
1298 1857 1381 1936 quod
1398 1857 1568 1935 proximum

163 1954 281 2033 oppido
299 1974 369 2015 esse.
391 1956 439 2036 76.
455 1954 563 2013 deinde
577 1956 662 2033 jubet
679 1984 699 2003 -
720 1957 809 2015 tutari
827 1957 920 2035 jubet.
955 1980 1004 2039 77.
1020 1977 1113 2038 gnare
1132 1958 1224 2015 iecere
1245 1953 1314 2034 (sed
1332 1951 1390 2011 boc
1407 1954 1440 2010 in
1456 1952 1570 2033 margi-
1646 2004 1652 2013 .

162 2066 205 2107 ne
224 2049 437 2131 adscriptum).
468 2052 515 2133 78.
529 2055 607 2133 leges
625 2056 791 2131 cultusque.
821 2059 870 2125 84.
884 2052 971 2132 plebe
987 2055 1102 2114 volenti
1118 2055 1236 2112 militia.
1268 2050 1317 2111 85.
1339 2068 1403 2108 666
1420 2046 1531 2107 eisdem
1550 2078 1568 2093 ·

162 2148 192 2205 is
211 2146 418 2226 imperatorem
440 2150 532 2207 alium
552 2179 573 2194 -
591 2168 658 2207 mea
675 2148 827 2208 benefacta
847 2148 943 2208 dicere
960 2152 1032 2210 licet
1052 2152 1129 2228 (met
1152 2148 1228 2208 mibi
1244 2167 1350 2205 manus
1364 2142 1494 2205 secunda
1512 2141 1568 2201 ad·

163 2239 272 2320 didit).
303 2242 351 2321 93.
368 2242 503 2300 difficilia
523 2243 656 2303 faciundi
678 2247 814 2302 animum
826 2246 961 2305 «advertit
980 2276 999 2292 ·
1017 2249 1177 2326 paululum
1193 2244 1284 2303 modo
1305 2262 1400 2322 prona
1419 2270 1438 2287 -
1457 2242 1569 2319 paulu-

163 2338 232 2397 lum
254 2348 391 2396 arrectus.
418 2339 468 2417 95.
497 2340 574 2396 tanti
604 2340 660 2397 riri
680 2360 765 2397 res·
784 2340 895 2420 pudeat
910 2361 949 2399 an
975 2344 1026 2422 pi
1010 2355 1075 2401 reat
1103 2341 1222 2422 (magis
1239 2360 1273 2401 ex
1286 2338 1495 2397 emendatione
1515 2352 1568 2395 su·

161 2430 394 2513 perscriptum).
428 2454 492 2492 ιοι.
515 2454 603 2513 quem
621 2436 753 2512 primum
775 2438 972 2516 attigerant·
990 2439 1103 2516 primos
1119 2449 1220 2496 erat·-
1201 2436 1377 2516 ··plurimis
1396 2443 1495 2491 erat·
1476 2450 1567 2491 -oc-

162 2530 259 2589 currit
282 2530 393 2587 auxilio
417 2533 487 2589 suis.
521 2550 586 2589 ιοι.
604 2532 680 2589 velle
699 2531 736 2589 de
752 2550 848 2590 suo·
869 2531 949 2591 unde
967 2532 1147 2613 iugurtham
1170 2532 1280 2591 Marius
1305 2534 1465 2610 expulerat.
1500 2526 1566 2586 ι63.

159 2624 248 2685 Sulla
267 2626 370 2685 omnia
387 2628 540 2705 pollicitus
556 2627 667 2686 docuit.
693 2648 758 2709 107.
773 2648 861 2708 quem
882 2648 988 2687 manus
1007 2640 1228 2689 annarerant-
1249 2648 1285 2686 ex
1304 2628 1566 2704 castrisire.109.

160 2731 283 2782 sanctus
298 2722 344 2781 vir
366 2724 524 2781 accersitur
541 2744 575 2782 ex
597 2726 742 2784 sententia
760 2730 840 2805 jurat
856 2724 1023 2784 amborum.
1048 2746 1113 2784 110.
1127 2724 1291 2805 aliquando
1308 2732 1365 2782 tuse
1386 2741 1480 2801 operae
1495 2740 1566 2801 pre-

161 2819 253 2877 tinm.
276 2837 342 2878 ιιι.
360 2820 443 2898 prius
459 2838 565 2900 negare
584 2821 694 2900 agitare
713 2852 733 2867 ·
751 2822 857 2881 leniter
870 2842 905 2883 ex
921 2826 1084 2884 voluntate.
1110 2841 1176 2879 ιιι.
1190 2833 1221 2881 et
1241 2822 1269 2880 ei
1284 2820 1419 2879 nunciat.
1454 2821 1520 2878 ιι3.
1536 2831 1565 2878 et

159 2914 278 2975 scilicet
293 2916 352 2973 oris
375 2916 587 2977 immutatione
605 2916 716 2977 tacenti
735 2915 801 2999 ipso
820 2920 949 3000 occulta
959 2919 1086 2999 pectoris
1107 2918 1289 2999 patefecisse.
1324 2914 1390 2986 ιι4.
1407 2916 1513 2997 illique
1533 2925 1564 2974 et
1684 2956 1688 2963 -

161 3008 238 3069 inde
256 3029 359 3092 usque.

241 3131 330 3206 cod.
351 3132 421 3205 IX.
449 3129 532 3221 (53.
547 3135 609 3218 Ρ.)
633 3131 842 3209 Membran.
856 3135 977 3209 forma
994 3134 1193 3237 quadrata,
1215 3134 1313 3208 liber
1328 3130 1416 3205 satis
1436 3156 1562 3204 ernen-

160 3242 291 3337 detus;
305 3246 568 3349 praeterlibros
586 3245 831 3323 historiarum
848 3252 1016 3325 Arretini
1037 3251 1210 3326 continet
1220 3247 1426 3325 Catilinam
1447 3248 1562 3321 etJu·

158 3360 344 3465 gurtham
366 3377 404 3436 et
419 3362 633 3436 Investivas.
667 3366 805 3438 Insunt
820 3382 1001 3469 praeterea
1025 3366 1111 3440 duae
1128 3365 1212 3439 aliae
1231 3363 1436 3439 Jnvectivae
1459 3362 1562 3437 Cice-

156 3477 266 3551 ronis
284 3477 326 3550 in
346 3476 552 3551 Catilinam
576 3493 614 3551 et
633 3478 838 3555 Catilinae
828 3509 869 3556 111
893 3483 1124 3574 Ciceronem,
1140 3507 1222 3585 quae
1241 3481 1283 3555 16
1304 3480 1472 3555 editione
1492 3482 1560 3553 Ba-

156 3590 310 3665 sileensi
329 3592 539 3669 MDLXIV.
558 3621 594 3696 p.
611 3598 714 3690 1098.
735 3597 833 3704 typrs
842 3624 1021 3701 expressae
1041 3598 1336 3690 essedieuntur3
1357 3594 1527 3671 easdem
1517 3624 1559 3669 m

158 3707 293 3781 codice
314 3710 518 3782 Romano
507 3709 648 3782 inveni.

250 3818 426 3882 Catilinas.
448 3844 518 3882 nam
545 3826 730 3905 prinsquam.
751 3824 780 3885 3.
804 3826 904 3887 studio
923 3828 961 3887 ad
986 3828 1202 3909 rempublicam
1231 3830 1309 3887 latus
1326 3848 1402 3886 sum.
1425 3828 1453 3886 6.
1475 3839 1560 3886 metu

156 3919 291 3998 percussi
310 3949 329 3964 -
348 3920 381 3976 in
405 3919 643 3979 dominationem
665 3924 812 3982 convertit
832 3944 873 3985 sc.
905 3948 933 4006 7.
956 3946 1009 4005 per
1034 3926 1166 3984 laborem
1188 3935 1218 3986 et
1235 3943 1293 3983 usu
1318 3956 1338 3970 ·
1365 3925 1408 3983 sic
1430 3925 1557 4003 quisque
1665 3988 1671 3996 ,

156 4012 287 4074 hostem.
319 4034 348 4093 9.
361 4015 443 4093 quod
461 4014 610 4075 beneficiis
631 4020 724 4099 magis
742 4040 833 4099 qnam
852 4032 943 4083 metu.
978 4043 1023 4081 ιι.
1045 4042 1169 4103 corpus,
1189 4023 1325 4081 animum
1343 4023 1459 4080 virilem
1478 4052 1498 4067 -
1517 4040 1556 4079 ne

157 4110 233 4172 dnm
248 4112 296 4171 illi
315 4138 334 4159 ·
355 4118 560 4195 temperarent.
595 4132 640 4173 ιι.
655 4112 734 4173 nihil
762 4118 846 4195 pensi
870 4127 958 4199 atque
984 4118 1129 4179 moderati
1148 4149 1167 4166 -
1186 4139 1283 4199 neque
1305 4120 1476 4201 quicquam.
1510 4132 1554 4188 ι4.

1108 4282 1128 4327 2
