3850 4867
1440 352 1511 447 237

121 514 184 593 (lto
205 524 301 629 regi,
327 526 425 605 facta
446 532 694 637 consultaque
714 534 794 609 eius
819 532 976 636 quidem
995 532 1154 609 aemulus
1172 548 1329 611 erat-
1355 535 1411 606 55.
1428 530 1513 604 Du·

121 639 200 718 luas
217 650 377 726 consilii.
406 702 454 716 -
491 662 546 750 54.
574 660 659 731 Post
678 656 851 757 reditum!
867 684 1027 747 eorum,
1064 658 1204 760 quibus
1236 671 1387 730 senatus
1414 651 1512 728 belli

117 766 298 869 Lepidani
322 776 481 879 gratiam
495 778 712 854 'lecerat—
738 780 794 857 55.
820 781 936 877 Quod
956 781 1024 855 ubi
1041 780 1181 855 frustra
1204 794 1432 882 temptatum
1449 790 1529 865 est‚·

115 894 304 971 socordius
324 898 379 972 ire
394 900 530 975 milites
547 928 761 1005 occoeperc,
786 931 866 978 non
889 904 987 1007 aptis
1007 904 1137 993 armis,
1162 920 1208 977 ut
1237 903 1279 977 in
1305 883 1528 1004 principio‚·

116 1030 150 1087 et
168 1017 312 1095 laxiore
332 1023 490 1125 agmine.
512 1020 573 1086 -’
592 1029 647 1100 56.
674 1030 798 1129 Atque
819 1054 908 1101 cum
933 1028 1049 1102 Curio
1071 1026 1273 1101 laudatum
1297 1050 1516 1098 accensum-

68 1198 71 1201 .
116 1164 186 1239 que
199 1145 448 1244 praemiorum
462 1172 550 1251 spe,
571 1148 802 1251 quibuscum
822 1151 1038 1253 optavisset,
1064 1151 1118 1225 ire
1142 1149 1256 1224 iubet
1280 1196 1332 1211 -
1360 1153 1416 1244 57.
1441 1148 1516 1220 Eo·

116 1260 197 1337 dem
221 1280 392 1369 tempore
414 1269 599 1345 Lentulus
619 1270 767 1374 duplici
796 1273 875 1347 acie
896 1273 1025 1347 locum
1049 1274 1196 1347 editum
1215 1270 1341 1345 multo
1364 1269 1516 1373 sangui·

116 1411 161 1459 ne
179 1412 341 1465 suorum
362 1391 584 1484 defendens,
603 1412 806 1498 postquam
825 1420 871 1470 ex
887 1397 1043 1471 sarcinis
1065 1396 1356 1499 paludamenta,
1374 1390 1515 1466 hastati

116 1525 151 1581 et
166 1508 509 1591 delectae'cohortes
531 1518 698 1623 intellegi
724 1546 880 1622 coepere.
904 1562 956 1577 -
981 1525 1037 1593 58.
1052 1519 1148 1592 Fine
1167 1516 1373 1621 inguinum
1393 1515 1511 1619 ingre·

117 1632 276 1711 liuntur
293 1664 467 1713 mare-
494 1647 549 1737 59.
570 1642 620 1715 Μ
641 1642 830 1718 Antonius
844 1642 1054 1747 perdundae
1072 1642 1245 1745 pecuniae
1264 1640 1430 1744 genitus,
1452 1666 1517 1713 ra-

117 1780 284 1862 cuusque
300 1788 322 1836 a
336 1762 456 1852 curis,
482 1762 555 1837 nisi
577 1764 814 1840 instantibus.
828 1814 878 1829 -
900 1769 959 1843 lo.
973 1767 1103 1840 Muros
1122 1780 1383 1839 successerant
1396 1812 1444 1825 -
1456 1770 1522 1855 4ι..

118 1879 286 1986 Saxaque
307 1882 474 1991 ingentia
495 1902 533 1961 et
555 1914 623 1963 axe
641 1889 778 1963 vinctae
800 1890 921 1985 trabes
948 1915 1018 1991 per
1039 1916 1208 1992 pronum
1231 1886 1523 1973 incitabantur,

118 2006 325 2113 axibusque
344 2009 566 2107 eminebant
585 2012 627 2085 in
647 2010 808 2087 modum
831 2011 937 2085 ericii
958 2010 1134 2087 militaris
1149 2026 1281 2085 veruta
1300 2009 1437 2082 binum
1453 2034 1517 2110 pe-

119 2123 216 2206 dum.
243 2130 295 2197 -’-
327 2140 386 2227 42.
414 2132 617 2209 Octavium
641 2134 773 2208 mitem
796 2150 833 2208 et
859 2139 1017 2237 captum
1036 2133 1206 2237 pedibus.
1229 2177 1279 2194 -
1312 2138 1370 2223 45.
1396 2130 1518 2234 Igitur

120 2251 362 2348 discubuere,
384 2256 570 2331 Sertorius
592 2256 751 2331 inferior
771 2257 813 2330 in
835 2256 980 2347 medio,
1003 2282 1118 2360 super
1134 2283 1224 2332 eum
1241 2258 1281 2329 L
1295 2254 1436 2328 Fabius
1448 2252 1518 2325 Hi-

120 2378 342 2479 spaniensis,
363 2394 515 2455 senator
544 2406 590 2454 ex
613 2380 859 2483 proscriptis3
893 2380 933 2453 in
954 2405 1104 2455 summo
1130 2379 1319 2455 Antonius
1350 2392 1388 2452 et
1414 2374 1516 2450 infra

120 2501 237 2575 scriba
258 2502 414 2576 Sertorii
438 2502 609 2591 Versius;
642 2519 680 2575 et
705 2502 802 2576 alter
826 2502 949 2577 scriba
973 2504 1159 2579 Maeccm
1181 2504 1223 2578 in
1250 2503 1345 2591 imo,
1371 2500 1523 2575 medius-

123 2619 218 2697 intcr
233 2624 480 2727 Tarquitium
499 2642 537 2701 et
559 2627 760 2701 dominum
783 2629 1090 2728 Perpennam-
1114 2634 1174 2721 44.
1199 2626 1377 2724 Quarum
1397 2650 1519 2698 unam

123 2746 317 2847 epistolam
332 2748 430 2823 forte
446 2776 535 2824 cum
555 2774 658 2824 servo
680 2748 783 2822 nacti
805 2749 1031 2851 praedatores
1044 2748 1241 2824 Valeriani
1262 2749 1459 2850 scorpione
1474 2746 1518 2821 in

124 2887 238 2944 castra
261 2870 403 2946 misere.
428 2915 479 2928 -
502 2872 561 2965 45.
586 2872 687 2948 Dein
715 2872 835 2948 lenita
857 2872 935 2947 iam
955 2870 1014 2947 ira
1043 2888 1191 2977 postero
1213 2870 1275 2945 die
1296 2870 1525 2947 liberalibus-

124 2993 239 3069 verbis
254 2992 457 3097 permulcti
473 3012 572 3070 sunt.
1500 3006 1505 3013 ’

126 3190 385 3277 amana,
396 3174 884 3275 occoeperaeluniusemendavit-
899 3193 996 3255 assa.
1008 3194 1125 3268 4334
1136 3191 1190 3254 ..α’
1201 3193 1281 3276 qma
1292 3189 1523 3252 6040444..-

125 3299 280 3381 usucapio
294 3298 464 3371 laudatum,
475 3320 628 3360 occanum
636 3338 646 3370 ,
658 3300 918 3381 quaproemr‘orum
927 3320 1003 3381 spese
1016 3299 1151 3359 aliiiuvet
1161 3322 1170 3356 ι
1182 3298 1271 3379 coepr'o
1277 3299 1401 3377 aliquot,
1417 3292 1518 3352 omni'a

127 3404 278 3479 pessime·
288 3404 337 3486 37.
346 3404 388 3467 id.
405 3404 456 3477 13,
474 3424 521 3477 ¹¹3
545 3424 600 3483 pro
611 3404 739 3475 adelart,
751 3402 832 3484 quod
842 3400 930 3486 vulgo
941 3406 1062 3485 legitur,
1071 3414 1152 3466 retus
1167 3402 1258 3464 codex
1267 3399 1390 3473 obstari3
1401 3395 1525 3458 utrurri·

127 3526 179 3585 que
192 3519 338 3589 corrupte.
359 3508 470 3569 bonati
486 3508 522 3569 V.
537 3508 574 3572 D.
586 3507 831 3567 emendarunt-
852 3508 901 3571 58.
922 3508 957 3567 C.
970 3504 1018 3566 rr.
1028 3511 1089 3583 fla.
1104 3506 1229 3589 Philarg.
1244 3506 1283 3566 ad
1301 3504 1408 3586 Georg.
1421 3501 1439 3564 3
1446 3500 1521 3575 ,aa

128 3642 167 3657 -
186 3618 233 3693 59.
252 3614 410 3693 perdenda
422 3612 554 3694 ptarmica
571 3611 686 3692 genitus
705 3611 740 3671 C.
756 3617 800 3673 Fr.
820 3623 995 3691 genscum
1013 3630 1047 3672 ex
1064 3611 1215 3685 Amonior
1231 3612 1284 3692 qai
1300 3611 1330 3669 in
1347 3608 1401 3673 ΠΙ
1418 3617 1526 3668 contra.

129 3713 203 3776 Verr.
216 3718 298 3779 Orat.
315 3740 381 3801 pag.
395 3717 464 3800 576.
475 3718 552 3777 Edit.
563 3716 629 3782 tta.
643 3715 729 3776 1563.
740 3717 779 3775 ita
793 3740 800 3773 ε
819 3754 835 3785 ‚‚
845 3726 1000 3797 postquam
1014 3716 1055 3773 M.
1067 3713 1188 3773 Antonii
1201 3716 1352 3774 infinitum
1370 3712 1446 3773 illud
1460 3713 1522 3771 im·

130 3821 239 3901 perium
249 3831 393 3883 manunt
408 3826 437 3881 et
447 3842 533 3903 quem
548 3820 686 3881 Salustius
700 3821 741 3879 ait
752 3821 916 3899 perstando
932 3818 1064 3900 pecunia
1075 3818 1208 3897 genum
1224 3827 1253 3878 st
1266 3818 1393 3879 vaenum
1407 3836 1429 3876 c
1443 3816 1522 3877 curas

132 3922 186 3984 uti
200 3925 382 3986 instantibus.
392 3926 410 3956 ’'
427 3958 469 3975 —
489 3926 539 3997 40.
558 3924 593 3984 C.
603 3925 650 3985 Fr.
670 3944 730 3985 suc.
750 3925 828 3985 Serv.
850 3925 889 3985 ad
908 3925 1009 4006 Eclog.
1022 3924 1056 3997 5,
1071 3924 1100 3983 5.
1119 3955 1162 3971 -
1181 3922 1231 3991 4ι.
1252 3921 1329 3981 Nou.
1348 3921 1464 3994 18,16.
1488 3920 1522 3979 in
1568 3910 1572 3917 ’

134 4030 300 4091 auu-mu.
320 4030 398 4093 Serv.
410 4029 526 4111 Aenq,
539 4030 607 4089 505.
617 4064 659 4079 -
678 4028 727 4099 la.
738 4026 773 4088 C.
785 4026 833 4087 Fr.
848 4048 870 4087 s.
881 4052 910 4091 r.
930 4038 1009 4109 capt.
1021 4064 1063 4079 -
1083 4026 1133 4097 45.
1152 4026 1231 4088 ὅση.
1242 4024 1313 4085 Aen.
1330 4025 1450 4106 1,698;
1471 4022 1526 4087 aad·

134 4136 164 4195 in
177 4136 343 4199 nominibus
353 4135 511 4198 trahendis
528 4136 651 4195 maxima
663 4136 781 4197 variates
790 4156 800 4206 ;
822 4132 1017 4213 Tarquinium
1026 4133 1149 4215 plurimi
1160 4153 1169 4206 7
1194 4130 1340 4211 Perperna
1348 4133 1473 4211 aliquot.
1480 4162 1523 4182 -

138 4242 266 4314 lbllon.
280 4242 314 4319 8,
328 4264 356 4326 7.
376 4272 418 4291 -
437 4240 492 4313 45.
509 4240 593 4302 Prisc.
607 4260 643 4321 9,
655 4260 692 4321 9,
706 4238 780 4314 466.
796 4236 857 4301 hacc
871 4241 960 4323 vulgo
974 4240 1010 4301 in
1020 4237 1130 4300 librum
1146 4246 1283 4321 quurtum
1296 4236 1526 4299 mulctantur.-
