3850 4867
366 253 445 348 ¹4²²

364 454 424 511 res
445 453 518 538 pro
542 433 672 538 praeda
692 433 785 512 fore
833 436 979 514 Tamen
1003 433 1160 512 interim
1184 433 1394 540 trsnsffigas
1417 447 1457 510 et
1476 432 1570 510 alios
1590 444 1769 537 opportu-

369 579 460 648 nos,
486 555 673 664 Iugurtha
697 559 767 634 ubi
787 560 961 665 gentium
985 576 1054 636 aut
1080 557 1176 664 quid
1203 559 1379 665 agitaret3
1401 586 1491 634 cum
1510 557 1705 663 paucisne.
1719 581 1772 650 es-
1893 593 1894 606 κ

364 695 442 772 set,
466 705 519 757 an
538 681 748 758 exercitum
761 681 940 781 haberet3
965 697 1011 760 ut
1027 709 1103 760 sese
1123 683 1244 768 victus
1259 699 1419 789 gereret,
1445 682 1686 787 exploratum
1702 680 1771 756 mi·

366 804 426 882 sit.
473 805 526 884 At
547 805 616 890 ille
641 829 718 883 sese
750 806 793 885 in
825 806 910 884 lcc'a
937 807 1103 884 saltuosa
1137 823 1177 884 et
1206 821 1346 882 nature
1373 806 1524 882 munita
1551 823 1773 912 receperat:

368 927 503 1032 ibique
527 931 684 1036 cogebat
708 932 918 1008 exercitum
944 955 1106 1007 numero
1132 925 1337 1006 hominum
1361 930 1604 1033 ampliorem,
1629 929 1695 1006 sed
1712 928 1776 1005 be
1893 959 1894 962 ¹

367 1051 496 1130 betem
517 1054 811 1159 infirmumque,
837 1054 983 1162 agrifac
1013 1052 1160 1160 pecoris
1184 1053 1302 1158 magis
1322 1079 1441 1156 quam
1463 1052 1556 1128 belli
1583 1053 1776 1130 cultorem.
1893 1113 1894 1136 .

367 1177 417 1257 Id
432 1203 478 1254 ea
498 1179 621 1284 gratia
639 1180 856 1271 eveniebat,
875 1177 982 1284 quod
998 1195 1136 1284 praeter
1155 1175 1274 1282 regios
1297 1177 1442 1280 equites
1462 1203 1575 1253 nemo
1602 1179 1777 1254 omnium
1893 1144 1894 1213 l

368 1301 626 1381 Numidarum
641 1329 688 1379 ex
706 1301 796 1410 fuga
815 1330 942 1409 regem
955 1303 1148 1408 sequitur,
1162 1327 1241 1406 quo
1257 1299 1443 1406 cuiusque
1460 1302 1611 1378 animus
1624 1301 1718 1394 fert,
1735 1329 1778 1378 eo
1893 1307 1894 1328 ²

370 1425 604 1506 discedunt:
626 1452 752 1530 neque
772 1427 814 1504 id
840 1425 1032 1534 flagitium
1050 1425 1200 1527 militiae
1218 1423 1376 1502 ducitur
1395 1455 1404 1502 ε
1429 1423 1483 1501 ita
1502 1451 1541 1502 se
1572 1453 1695 1504 moses
1711 1426 1778 1504 ba·

369 1547 477 1626 bent
523 1551 647 1656 Igitur
664 1544 840 1628 Metellus
857 1552 927 1627 ubi
950 1549 1055 1628 videt
1072 1550 1188 1627 etiam
1207 1564 1292 1626 tum
1312 1547 1408 1654 segis
1424 1549 1598 1625 animum
1614 1549 1777 1628 ferocem

368 1697 461 1772 esse;
478 1673 627 1750 bellum
645 1675 840 1766 renovari,
857 1673 984 1779 quod,
1001 1673 1076 1751 nisi
1093 1699 1140 1750 ex
1155 1673 1260 1749 illius
1277 1672 1472 1764 lubidine,
1492 1667 1571 1779 geri
1592 1701 1673 1751 nnn
1695 1702 1778 1781 pos·
1893 1771 1894 1774 Ἴ

369 1812 446 1892 set5
468 1813 650 1902 praeterea
673 1798 877 1876 inimicum
900 1813 1094 1876 certamen
1115 1796 1190 1877 sibi
1210 1825 1301 1876 cum
1325 1795 1516 1888 hostibus,
1542 1799 1694 1878 minore
1713 1801 1775 1877 da·

370 1920 553 1998 nimento
574 1921 661 1998 illos
682 1922 786 1999 vinci
803 1949 923 2027 quam
936 1947 1023 1998 suos
1039 1923 1192 2000 vincere
1210 1951 1222 1998 s
1244 1923 1380 1998 statuit
1393 1948 1474 2000 non
1493 1922 1634 2027 praeliis
1653 1949 1777 2028 neque

338 2059 341 2063 ’
369 2044 415 2122 in
448 2045 551 2137 acie,
572 2045 735 2123 sedalis
756 2071 863 2124 more
896 2045 1045 2123 bellum
1076 2044 1301 2150 gerundum.
1351 2049 1488 2150 Itaque
1508 2047 1550 2122 in
1589 2048 1777 2126 Numidia

368 2169 455 2248 loca
480 2169 767 2278 opulentissima
790 2172 933 2277 pergit,
952 2196 1060 2277 agros
1077 2183 1217 2261 vastat,
1231 2171 1355 2246 multa
1380 2169 1532 2246 castella
1559 2186 1598 2246 et
1614 2174 1780 2278 oppida,

369 2309 512 2370 temere
539 2293 691 2370 munita
719 2311 789 2370 aut
807 2294 890 2372 sine
907 2294 1100 2400 praesidio,
1116 2295 1220 2398 capit
1238 2294 1502 2397 incenditque,
1525 2295 1685 2399 puberes
1721 2299 1778 2374 in·

371 2418 527 2509 terficit,
552 2417 662 2494 iubet
690 2417 768 2494 alia
796 2419 940 2494 omnia’
958 2417 1130 2495 militum
1153 2417 1325 2522 praedam
1355 2443 1438 2494 esse
1487 2411 1542 2494 Ea
1574 2420 1779 2504 formidine

371 2541 475 2618 mult
503 2540 682 2617 mortales
700 2542 881 2618 Romanis
896 2541 1017 2619 dediti
1048 2541 1219 2636 obsides3
1242 2541 1482 2618 frumentum
1509 2558 1548 2619 et
1568 2543 1666 2637 alia,
1695 2574 1779 2652 quae

372 2665 461 2742 suni
479 2663 623 2756 forent,
650 2663 811 2742 adfatim
829 2665 990 2771 praebita
1016 2699 1024 2740 :
1048 2665 1284 2769 ubicumque
1306 2692 1363 2743 res
1388 2667 1607 2772 postulabat
1625 2725 1636 2760 ,
1654 2673 1780 2775 presi·

373 2889 434 2953 inc.
454 2887 539 2956 llsm.
554 2909 582 2950 ι.
606 2888 705 2952 Strur.
726 2885 852 2954 Vsatd.
882 2885 980 2954 Guelf.
994 2909 1040 2948 12.
1062 2887 1148 2949 leid.
1160 2909 1188 2950 a.
1199 2909 1224 2950 ο.
1232 2885 1264 2948 h.
1286 2889 1504 2971 pluresWassii.
1525 2889 1629 2964 Basa.
1651 2891 1734 2954 Bern.
1751 2917 1777 2956 1.

374 2991 466 3058 abistis
477 2993 610 3074 gentium
627 2993 699 3077 Τις.
717 2992 800 3052 Leid.
815 2991 846 3054 b.
858 2990 887 3052 k.
906 2993 1054 3056 Virtam.
1074 2992 1165 3056 Acad.
1185 2993 1282 3054 senat
1295 3014 1323 3056 a.
1342 2994 1444 3060 Heuss.
1468 2999 1551 3056 Vrst.
1569 3018 1596 3058 2.
1618 2997 1779 3061 (laelius.

378 3120 427 3162 η.
447 3099 534 3160 sem.
548 3105 576 3163 t.
605 3118 703 3181 regem
717 3097 886 3177 aequatum
910 3095 1001 3158 Aeas.
1029 3097 1142 3165 rasso.
1160 3119 1188 3160 η.
1208 3099 1305 3166 ειη...
1326 3096 1424 3160 cnut
1441 3119 1487 3166 ιο.
1511 3100 1778 3171 cetensis.
1893 3071 1894 3092 ¹

372 3226 452 3268 unns
458 3206 573 3270 Wassii.
582 3205 646 3265 Bas.
656 3204 685 3276 4.
705 3223 739 3264 w
751 3202 824 3263 disc.
836 3223 870 3264 ec
880 3221 942 3262 cm.
957 3203 1018 3262 Erl.
1032 3202 1166 3263 animum
1177 3203 1253 3282 regis
1265 3201 1356 3264 etium
1368 3207 1569 3284 trsmseroeem
1584 3209 1625 3268 tic
1639 3208 1780 3272 Gruterus
1893 3259 1894 3276 2

371 3314 473 3394 paucis
494 3321 525 3372 et
547 3310 684 3372 deterior.
704 3307 799 3369 Cottii
821 3306 904 3367 libris
921 3307 1118 3390 omnibusque
1135 3307 1219 3368 Leid.
1236 3307 1473 3370 adsentienu'bus.
1501 3311 1590 3371 etiam
1615 3323 1679 3374 tum
1703 3317 1779 3396 segis

371 3415 466 3476 assim·
487 3415 598 3478 Fabric.
615 3413 713 3475 Turic.
733 3422 797 3473 mm
812 3421 840 3473 et
856 3433 882 3473 r·
899 3431 929 3471 a.
951 3410 1070 3472 Comm.
1097 3431 1159 3493 reg.
1174 3422 1202 3473 et
1219 3421 1241 3473 t.
1256 3432 1307 3479 an.
1337 3411 1776 3486 Ac-Sen.1.Strur.llem.s.
1893 3457 1894 3466 κ

245 3563 249 3570 .
370 3519 507 3587 (icelii.
519 3519 589 3582 nd.
608 3519 730 3582 Palatia.
744 3539 811 3584 m.
838 3518 929 3578 etium
939 3526 1139 3598 reg.tuman.
1159 3518 1222 3579 Bas.
1240 3537 1266 3580 ι.
1285 3520 1385 3597 seron
1399 3537 1457 3580 sssc
1484 3521 1605 3584 verbum
1628 3544 1689 3586 cm.
1710 3525 1777 3593 Ece.

370 3626 479 3686 bellum
503 3643 639 3688 motare
663 3624 734 3708 Τις.
762 3622 917 3685 iambum
939 3631 1011 3684 cert.
1032 3621 1088 3684 sibi
1109 3622 1151 3684 lte
1166 3625 1255 3707 longe
1269 3625 1392 3706 plurimi
1407 3623 1485 3686 libri.
1513 3627 1645 3706 iniquum
1674 3627 1778 3693 Fratres

370 3731 432 3792 inc.
447 3751 474 3790 s.
503 3728 603 3795 Guels.
624 3746 650 3790 ι.
668 3748 696 3794 a.
710 3727 740 3791 ὅ.
760 3728 843 3789 Leid.
858 3727 888 3786 d.
901 3748 930 3811 g.
944 3747 986 3788 m.
1007 3745 1070 3788 nors
1083 3725 1155 3808 irsiq.
1176 3727 1258 3789 Leid.
1271 3749 1298 3789 c.
1319 3727 1352 3788 in
1372 3730 1436 3790 actis
1461 3730 1573 3798 Fabric.
1594 3734 1653 3795 inc.
1673 3736 1777 3798 Vtrae.

369 3833 433 3896 Bas.
449 3856 476 3902 ι.
486 3832 584 3897 'dead
604 3835 701 3894 senat.
714 3854 745 3895 ι.
761 3832 866 3894 Franc.
888 3831 987 3894 Guelf.
1004 3852 1030 3893 s.
1043 3851 1072 3892 s.
1091 3836 1118 3896 3.
1131 3853 1160 3914 7·
1180 3833 1315 3894 meliores
1325 3833 1413 3894 Pelet.
1435 3840 1606 3917 gerundum
1624 3837 1780 3902 Fabrici:

370 3936 920 4016 teat.ltu.1.v1at1.cu01t1.9.
945 3931 1024 4000 llirii
1037 3934 1115 3998 libri.
1143 3935 1228 3999 Bern.
1244 3957 1270 3996 1.
1299 3936 1366 3998 loca
1376 3937 1466 4000 Num.
1488 3940 1547 4003 Erl.
1576 3943 1645 4026 Teg.
1672 3943 1780 4020 ΒΜ.

368 4043 544 4110 rualem.
559 4049 625 4109 nl.
652 4042 732 4124 capit
749 4042 881 4104 incendit
899 4042 997 4102 senat
1014 4061 1042 4103 s.
1072 4041 1173 4104 Hense
1199 4041 1337 4120 interficit
1353 4043 1428 4104 iubet
1445 4045 1604 4108 itacmnes
1619 4049 1678 4110 lere
1701 4051 1779 4116 libri.
1893 4079 1894 4090 κ

372 4149 499 4230 immisi
516 4170 594 4215 unus
604 4147 734 4213 Putscbii
751 4147 834 4210 liber.
851 4148 957 4230 preda
969 4165 1026 4209 esse
1044 4145 1141 4215 Stmr.
1161 4146 1296 4216 Guetta
1319 4152 1449 4232 pasore
1468 4149 1549 4218 Leid.
1561 4158 1582 4214 1.
1607 4155 1699 4235 prat.
1712 4169 1780 4224 arnt
1893 4203 1894 4216 .
