3850 4867
1472 341 1539 420 ¹27

131 514 168 565 se
201 487 331 570 foelus
368 493 457 570 heri.
509 491 650 572 Consul
678 493 933 603 impeditusa
972 492 1137 576 tribunis
1163 492 1305 600 plebis,
1337 521 1404 584 ne,
1447 521 1540 599 quas

131 633 333 717 paraverat
360 619 514 723 copias,
536 645 665 696 mcum
682 635 866 726 portaret,
892 619 1024 724 paucis
1046 619 1178 696 diebus
1200 617 1241 692 in
1261 617 1428 694 Africam
1451 647 1540 725 pro-

133 737 333 833 ficiscitur,
359 771 451 818 nam
472 744 596 818 omnis
613 728 821 834 exercitus,
844 745 903 818 uti
918 758 1161 833 convenerat,
1187 743 1367 818 Numidia
1399 743 1539 821 deduc·

132 878 202 954 tus,
227 865 270 940 in
293 867 493 970 provincia
518 866 721 942 hiemabat
761 871 964 970 Postquam
989 895 1033 945 eo
1054 867 1173 942 venit:
1199 894 1435 971 quamquam
1454 893 1540 972 per·

129 988 234 1088 sequi
249 989 481 1094 Iugurtham
502 1007 541 1066 et
562 990 705 1066 mederi
732 990 910 1068 fraternae
936 990 1091 1067 invidiae
1126 991 1255 1066 animo
1278 992 1457 1086 ardebat3
1481 1019 1542 1068 eo·

129 1112 244 1214 guilis
257 1114 468 1206 militibus,
495 1141 590 1217 quos
609 1130 746 1219 praeter
761 1113 911 1219 fugam,
933 1115 1059 1190 soluto
1089 1093 1272 1216 imperio,
1307 1116 1461 1192 licentia
1484 1133 1542 1193 at

129 1261 204 1337 que
222 1236 378 1313 lascivia
410 1254 650 1343 comparat,
676 1265 722 1314 ex
740 1239 850 1341 copia
869 1265 999 1312 rerum
1026 1237 1159 1312 statuit
1174 1239 1245 1312 sibi
1270 1238 1371 1314 nihil
1394 1240 1539 1346 agitan-

127 1360 231 1436 dum
284 1364 446 1438 Interim
484 1366 612 1437 Romoe
650 1363 687 1440 C
729 1363 923 1437 Mamilius
957 1361 1176 1436 Limetanus
1208 1363 1387 1439 tribunus
1418 1365 1539 1468 plebis
1551 1363 1589 1435 lo

129 1485 368 1589 rogationem
393 1487 443 1563 ad
466 1488 655 1591 populum
676 1485 915 1590 promulgat,
940 1486 999 1560 uti
1025 1502 1259 1587 quaereretur
1281 1487 1323 1562 in
1337 1513 1415 1579 eos,
1446 1514 1540 1592 quo-

128 1635 216 1686 rum
235 1612 398 1687 consilio
419 1610 605 1716 Iugurtha
623 1611 750 1686 Senati
774 1611 923 1686 decreta
946 1609 1178 1714 neglegisset3
1202 1610 1347 1713 quique
1364 1613 1414 1688 ab
1433 1639 1477 1688 eo
1497 1611 1539 1689 in

130 1732 388 1836 legationibus
419 1750 489 1810 aut
526 1734 694 1837 imperiis
723 1736 904 1838 pecunias
933 1734 1189 1836 accepissent,
1211 1735 1277 1836 qui
1297 1734 1540 1838 elephantos,

130 1859 278 1960 quique
299 1857 476 1963 perfugas
495 1858 754 1952 tradidissent3
778 1860 891 1947 item,
918 1857 987 1960 qui
1013 1857 1060 1932 de
1095 1883 1188 1960 pace
1221 1873 1290 1931 aut
1316 1858 1418 1934 hello
1450 1887 1539 1936 cum

129 1977 303 2058 hostibus
323 1983 520 2087 pactiones
539 1979 722 2058 fecissent
770 1981 872 2056 Huic
895 1980 1083 2086 rogationi
1108 1981 1250 2083 partim
1283 1983 1423 2057 conscii
1445 1983 1538 2076 sibi,

130 2104 195 2178 alii
215 2133 264 2182 ex
285 2106 457 2211 partium
475 2107 619 2182 invidia
640 2105 810 2210 pericula
827 2121 1060 2195 metuentes,
1081 2104 1265 2208 quoniam
1290 2122 1419 2208 aperte
1435 2109 1538 2184 resis-
1657 2133 1664 2142 ·

131 2246 207 2306 tem
232 2257 318 2307 non
343 2246 544 2335 poterant,
567 2231 665 2334 quin
687 2229 753 2313 illa
774 2247 813 2304 et
832 2230 906 2304 alia
925 2229 1017 2303 talia
1039 2229 1188 2332 placere
1217 2229 1288 2302 sihi
1307 2229 1537 2328 faterentur3

130 2355 283 2438 occulte
303 2381 374 2458 per
399 2354 567 2445 amicos,
595 2380 641 2429 ac
661 2379 840 2428 maxume
863 2381 933 2457 per
959 2351 1133 2428 homines
1154 2353 1320 2426 nominis
1347 2355 1475 2430 Latini
1500 2371 1539 2431 et

129 2479 248 2554 socios
284 2477 436 2552 Italicos
467 2477 739 2581 impedimenta
765 2477 963 2581 parabant.
1024 2476 1096 2553 Sed
1124 2475 1271 2580 plebes,
1313 2475 1539 2555 incredibile

131 2617 348 2680 memoratu
380 2617 463 2690 est,
506 2627 625 2703 (pram
657 2602 806 2678 intenta
837 2600 954 2676 luerit
992 2615 1215 2703 quantaque
1243 2600 1280 2675 ri
1303 2602 1537 2705 rogationem

130 2803 298 2862 consulebat
311 2801 525 2878 mmmsosdau
534 2801 613 2880 qrmd
623 2799 774 2881 pepigerat
792 2819 861 2860 eram
871 2797 1018 2879 sagittata
1028 2801 1154 2873 firmum
1166 2806 1193 2857 st
1208 2797 1373 2876 sicfactam
1388 2803 1539 2881 perdura-

131 2928 162 2993 gs
175 2906 316 2968 slis
330 2924 429 2966 asans.
451 2902 529 2965 banc
546 2909 669 2987 glossam
693 2907 725 2964 in
746 2915 883 2965 contexta
904 2901 1120 2966 exbibentSsn.
1147 2900 1247 2962 Vinar.
1275 2901 1413 2964 caetus.
1436 2905 1534 2972 Heuss.

130 3012 209 3072 leid.
221 3017 244 3072 Ι.
264 3011 349 3071 Bsm.
362 3009 392 3070 3.
412 3028 504 3070 asoa.
522 3006 592 3068 Tur.
612 3008 674 3068 Bas.
689 3011 717 3080 4.
738 3009 822 3073 Besa.
841 3029 865 3068 ι.
886 3006 1013 3068 decreta
1032 3005 1114 3066 Laid.
1126 3027 1152 3066 c.
1164 3004 1194 3064 d.
1206 3007 1226 3066 s.
1238 3028 1278 3072 m.
1299 3007 1367 3068 vin.
1384 3029 1411 3068 a.
1434 3013 1537 3073 Franc.

131 3126 302 3178 amianas
319 3114 400 3176 laid.
412 3114 442 3174 d.
461 3116 577 3194 aliquot
589 3113 666 3175 liirii
680 3123 708 3172 st
720 3113 833 3174 Wassii.
855 3113 912 3171 ΕΗ.
936 3110 1054 3171 animus
1066 3109 1189 3170 ardebat
1216 3110 1312 3172 Suus.
1342 3114 1400 3170 ine.
1431 3112 1536 3174 Fraus.

131 3222 227 3283 Gasll.
242 3245 272 3304 7.
287 3243 334 3281 10.
354 3220 435 3280 Isia.
449 3220 480 3280 b.
492 3220 522 3278 d.
535 3220 593 3282 cl.
609 3219 690 3277 lam.
713 3217 796 3278 Paris.
807 3216 837 3276 b.
848 3238 874 3282 s.
895 3216 957 3276 Bas
971 3217 1000 3286 4.
1027 3200 1251 3293 improvinciam
1273 3215 1354 3274 leid.
1365 3217 1384 3274 f.
1397 3218 1419 3274 1.
1441 3217 1535 3278 Strur.

131 3329 227 3404 Caeli.
241 3349 271 3408 9.
287 3347 332 3386 ιο.
349 3348 395 3390 ιι.
414 3327 563 3404 marutham
583 3323 680 3384 Gucll.
691 3323 720 3392 4.
738 3343 784 3381 ιο.
803 3342 848 3381 ιι.
869 3321 953 3386 Fabr.
976 3321 1054 3383 vm.
1067 3339 1092 3378 1.
1107 3319 1273 3381 strumina.
1290 3317 1373 3378 Rem.
1390 3341 1415 3379 1.
1436 3317 1534 3392 baud.

132 3434 199 3495 Tur.
220 3433 300 3493 Laid.
313 3428 344 3491 b.
358 3431 425 3492 ad.
437 3451 465 3511 g.
480 3428 511 3487 b.
527 3429 555 3488 k.
574 3427 644 3510 leg.
665 3429 724 3486 Erl.
750 3426 805 3488 sibi
816 3425 893 3485 nihil
911 3425 973 3484 Bas.
993 3445 1017 3483 ι.
1029 3423 1058 3495 4.
1079 3423 1138 3488 Erl.
1155 3421 1223 3505 Teg.
1243 3421 1312 3482 Tur.
1332 3423 1417 3484 bern.
1430 3423 1459 3490 3.
1479 3424 1535 3486 lli·

133 3543 171 3601 rii
185 3540 264 3600 libri.
284 3537 371 3597 Besa.
388 3555 414 3602 ι.
434 3535 521 3596 ceteri
535 3535 649 3596 insessa
664 3532 777 3592 ordine.
798 3530 975 3609 agitandum
996 3529 1135 3601 Palatini3
1154 3528 1296 3609 ceterique
1312 3530 1445 3590 meliores
1463 3550 1539 3593 con·

134 3647 261 3707 firmant.

214 3775 288 3856 Cap.
310 3775 360 3848 4⁰·
388 3767 509 3845 interim
539 3765 660 3827 Laida.
672 3763 773 3832 cib.
787 3764 808 3825 i.
824 3764 883 3824 bl.
895 3783 936 3822 m.
961 3761 1047 3822 Bern.
1064 3781 1089 3826 1.
1103 3764 1131 3824 3.
1160 3758 1222 3820 llas.
1236 3779 1262 3824 ι.
1274 3759 1302 3832 4.
1331 3755 1367 3819 C.
1385 3759 1537 3826 Mamilius

134 3887 303 3948 tunam
321 3884 362 3942 ita
376 3876 497 3959 plurimi
513 3871 591 3932 libri.
610 3871 659 3932 sed
670 3874 757 3932 lectio
768 3891 856 3952 quam
868 3869 993 3928 maxims
1007 3867 1107 3927 surim.
1130 3861 1165 3925 C.
1177 3863 1327 3926 Mamilius
1340 3863 1445 3926 Limst.
1465 3865 1534 3934 Nau.

135 3993 280 4056 Commeb
299 3986 362 4050 Bas.
374 3984 403 4056 4.
423 3992 453 4042 et
466 3978 581 4060 antiqui
597 3977 725 4037 nummi.
745 3974 815 4036 Tur.
827 3971 937 4034 ‘Ssnati
948 3973 1068 4032 decreta
1091 3969 1152 4032 duo
1167 3969 1244 4032 nivii
1262 3969 1339 4032 libri.
1369 3969 1537 4054 neglegr'ssct

133 4101 194 4162 Bae
206 4120 232 4160 ι.
253 4091 409 4174 neglisissst
427 4088 487 4148 ina.
504 4105 532 4146 s.
552 4083 657 4163 quique
669 4080 761 4161 elmi.
781 4079 882 4141 Vinar.
898 4099 924 4137 ι.
944 4075 1045 4149 Bul.
1067 4073 1231 4155 portatam
1247 4083 1402 4136 mumulus
1421 4077 1535 4140 Fabiis.

133 4201 201 4287 Tq.
219 4195 290 4255 Τοι.
308 4188 401 4273 plotas
418 4186 517 4248 lina.
537 4185 605 4246 Ssn.
622 4186 723 4250 llsuss.
742 4185 841 4269 plures
852 4181 929 4246 tivit
939 4179 1019 4242 libri.
1040 4187 1181 4258 quamam
1200 4179 1313 4242 ittlmla
1334 4179 1418 4244 Fabi.
1437 4183 1534 4248 Situs.
