3850 4867
339 502 377 578 Si
398 502 505 605 cupis
529 501 704 605 ignotum
726 494 923 603 Iugurthae
938 520 1090 574 noscere
1106 497 1236 586 letum,

332 624 485 728 Tarpeii
505 623 645 698 montis
658 622 790 727 pulsus
809 620 859 695 ad
879 620 955 694 ima
972 620 1060 694 ruit.

220 748 280 824 Ad
301 748 443 823 calcem
465 748 596 823 tabula
616 742 863 852 geographica
886 743 1073 833 subiecta,
1101 743 1169 818 ubi
1187 744 1281 821 situs
1295 742 1404 832 Asiae,
1425 732 1524 821 Afri-

120 897 177 947 cae
196 888 235 949 et
252 874 417 977 Europus
437 898 514 976 pro.
527 871 646 946 aetatis
667 870 769 945 illius
790 866 946 944 scientia
966 868 1175 973 descriptus
1194 886 1256 947 est
1288 868 1433 943 Eadem
1448 868 1525 946 for·

119 1022 185 1070 ma
211 996 382 1072 tabulam
403 996 445 1071 in
471 996 559 1073 Cod.
581 993 757 1069 Beruensi
780 996 843 1066 111.
866 992 1098 1067 delineatam
1122 994 1259 1069 inveni.
1308 996 1525 1098 Utrumque

120 1118 303 1195 Codicem
320 1122 365 1195 V.
375 1118 422 1195 D.
438 1118 647 1224 Hufnagel,
672 1118 722 1191 ab
737 1116 910 1192 Harlesio
926 1134 1091 1221 rogatus,
1112 1144 1203 1192 cum
1220 1108 1389 1195 editione
1401 1118 1524 1222 Brieg·

120 1240 233 1332 lebii,
259 1244 327 1346 qui
346 1244 387 1318 in
402 1260 507 1319 textu
526 1241 754 1318 recensendo
774 1242 947 1317 Curtium
963 1256 1113 1316 secutus
1129 1256 1229 1330 erat,
1255 1241 1427 1316 contulit
1454 1245 1523 1319 Po-

118 1382 198 1442 stea
211 1367 404 1443 Harlesius
421 1367 498 1471 ipse
512 1366 718 1442 maximam
730 1365 904 1441 Catilinae
914 1380 1062 1468 partem
1075 1364 1321 1455 examinavit,
1332 1382 1371 1441 et
1383 1365 1524 1440 utriusa

120 1514 197 1591 que
218 1489 364 1565 Codicis
380 1490 556 1565 lectiones
581 1514 670 1564 cum
692 1488 879 1565 Cortianis
902 1488 1143 1593 comparavit.
1187 1487 1259 1565 Sed
1280 1488 1522 1591 paucissimas

116 1613 294 1717 proprias
310 1612 498 1703 lectiones,
515 1630 553 1688 et
568 1613 616 1691 ab
626 1614 849 1717 Erlangensi
861 1614 1088 1718 plerumque
1104 1639 1165 1689 eas
1180 1628 1340 1689 amatas
1355 1612 1521 1705 invenit,

118 1762 216 1838 quas
231 1738 380 1812 Cortius
391 1736 501 1812 falsas
515 1762 590 1813 esse
603 1736 796 1813 iudicavit.
831 1738 956 1813 Pauca
969 1737 1103 1813 veteris
1118 1734 1399 1840 orthographiae
1412 1737 1522 1814 vesti·

116 1860 179 1964 gia
189 1892 199 1953 ;
211 1861 252 1937 in
259 1864 350 1966 Teg.
370 1888 398 1937 e.
411 1890 462 1967 gr.
474 1863 736 1951 αᾱιιίωσεηιία,
751 1860 792 1935 in
802 1859 879 1935 Erl
890 1861 1023 1937 cotidie
1043 1861 1189 1963 legitur.
1212 1864 1261 1937 In
1277 1861 1411 1937 eodem
1426 1861 1520 1939 ordo

119 2000 158 2061 et
173 2000 364 2063 structura
382 1986 658 2067 vocabulorum
679 2012 701 2059 a
718 1982 878 2087 vulgatis
896 1983 1003 2061 libris
1017 1999 1055 2058 et
1071 1985 1153 2057 Mss.
1170 1986 1368 2088 saepissime
1382 1985 1521 2061 discre-

117 2123 196 2211 pat
235 2108 444 2211 Aliquoties
465 2110 652 2185 recentior
668 2134 804 2183 manus
817 2107 933 2183 aliam
951 2108 1127 2212 adpinxit
1140 2108 1349 2185 lectionem.
1374 2110 1520 2187 Lectio-

117 2256 186 2307 nes
198 2232 403 2336 exemplari
417 2234 676 2339 Brieglebiano
690 2232 1112 2335 adscriptas‚Harlesius
1131 2232 1174 2307 in
1194 2233 1379 2326 editione,
1401 2262 1519 2338 quam

114 2355 301 2458 parabat,
316 2356 553 2435 excudendas
566 2357 720 2433 curavit
748 2354 1042 2461 Orthographiee
1055 2371 1182 2432 tamen
1201 2358 1421 2434 varietatem
1432 2358 1519 2434 ubi-

116 2504 196 2581 que
208 2494 340 2555 notare
349 2448 488 2583 paium
500 2480 684 2556 idoneum
700 2479 819 2555 duxit
859 2478 931 2555 Sed
949 2480 1230 2585 ipseHufimgel
1252 2483 1294 2556 in
1318 2483 1518 2563 Codicibus

115 2603 382 2679 examinandis
398 2632 539 2707 parum
558 2604 759 2709 diligenter
780 2604 893 2711 egisse
913 2603 1012 2679 mihi
1035 2605 1194 2681 videtur.
1235 2605 1282 2679 Id
1304 2608 1409 2709 quod
1429 2634 1521 2685 oum

116 2740 232 2801 antee
247 2726 456 2830 suspicatus
470 2754 604 2817 essem,
623 2727 734 2830 quia,
759 2736 901 2829 (quem
914 2727 1091 2803 Codicem
1109 2729 1333 2805 aCortianis
1348 2732 1520 2809 lectioni-

117 2850 194 2924 bus
214 2851 376 2927 maxime
396 2849 600 2928 abhorrere
617 2851 764 2926 dixerat
783 2849 996 2940 Harlesius,
1021 2851 1051 2925 is
1071 2852 1223 2955 saepius.
1254 2872 1445 2956 qimntum
1474 2884 1521 2933 ex

34 3042 42 3055 ,
120 2974 305 3049 varietate
316 2975 488 3052 lectionis
501 2973 877 3065 coniectarelicehat‚
890 2972 1154 3050 audacissimus
1166 2976 1270 3051 illius
1286 2982 1521 3057 coniecturas

120 3096 275 3173 firmare
301 3098 526 3187 videbatur)
551 3146 602 3161 -
628 3114 710 3173 tum
737 3124 829 3173 cura
856 3098 928 3173 viri
952 3094 1217 3173 humanissimi
1242 3102 1518 3193 Doederleinii‚

119 3220 191 3324 qui
217 3219 360 3296 litteras
378 3221 528 3297 Graecas
549 3238 663 3325 atque
682 3222 834 3297 Latinas
851 3223 892 3296 in
911 3221 1112 3297 Academia
1140 3222 1363 3327 Erlangensi
1385 3225 1520 3319 docet,

118 3344 267 3417 factum
295 3360 364 3445 est,
401 3361 446 3419 ut
466 3343 566 3419 hanc
594 3372 673 3420 rem
699 3362 930 3449 compertam
949 3343 1138 3446 haberem.
1178 3347 1250 3422 Sed
1267 3349 1532 3455 negligentia„

117 3467 231 3543 cuius
259 3467 377 3543 Hufn.
404 3486 620 3572 suspectum
640 3466 778 3557 hebui,
811 3466 893 3542 haec
921 3485 1014 3543 sunt
1034 3468 1228 3573 exempla:
1264 3471 1305 3546 in
1332 3471 1517 3579 iugurtha

118 3619 150 3664 c.
180 3616 208 3664 1.
233 3590 385 3695 Erlang.
404 3590 544 3681 habet,
569 3598 633 3697 qui
649 3592 701 3667 ad
716 3595 943 3692 gloriam-
953 3592 1179 3693 fhrtuno-
1202 3601 1334 3698 quippe
1360 3625 1447 3705 quoe
1470 3636 1517 3659 -·

4 3712 6 3721 '
112 3712 337 3815 probitatem
358 3766 408 3780 -
432 3722 570 3813 eripere
596 3721 764 3818 cuiqumn
797 3760 849 3776 -
873 3710 1038 3790 inertiam
1073 3718 1279 3817 voluptates
1298 3766 1338 3781 -
1384 3742 1520 3823 tempus

120 3844 245 3913 oetatis
263 3844 379 3941 ingen.
392 3850 443 3901 -'
476 3865 508 3913 2.
534 3858 568 3913 et
593 3840 670 3913 alia
690 3844 813 3915 omnia
834 3840 1084 3915 kuieuscernodi
1110 3888 1161 3908 -
1200 3861 1236 3917 et
1256 3849 1443 3944 ignauam.
1471 3899 1521 3915 .-

124 3968 157 4037 3.
182 3988 221 4036 se
230 3962 446 4069 fatigando.
472 4008 524 4024 -
541 3970 574 4055 4.
600 3961 759 4039 moribus
778 3966 843 4064 qui
864 3989 940 4038 non
956 4010 1005 4028 -
1022 3970 1174 4063 imperia
1185 4010 1237 4029 -
1248 3986 1283 4059 et
1296 3969 1349 4041 ad
1362 3972 1522 4048 honores

125 4100 215 4175 etc,
240 4110 328 4187 quae
351 4084 479 4161 omnia
496 4100 628 4161 notare
644 4084 783 4161 omisit.
803 4086 860 4163 Ex
880 4086 1021 4191 quibus
1039 4087 1211 4193 colliges,
1231 4089 1344 4167 illum
1362 4120 1444 4171 non
1459 4121 1524 4186 ea,

120 4233 201 4313 qua
215 4234 289 4313 par
309 4224 380 4300 est,
404 4208 616 4317 diligentia,
643 4207 812 4285 lahorem
833 4224 1050 4313 susceptum
1070 4210 1273 4319 perfecisse.
1305 4218 1395 4295 Haec
1413 4218 1522 4299 iuou.

1076 4333 1101 4392 ὀἵ
