<?xml version="1.0" encoding="UTF-8"?>
<!DOCTYPE html PUBLIC "-//W3C//DTD XHTML 1.0 Transitional//EN"
    "http://www.w3.org/TR/xhtml1/DTD/xhtml1-transitional.dtd">
<html xmlns="http://www.w3.org/1999/xhtml" xml:lang="en" lang="en">
 <head>
  <title>
</title>
<meta http-equiv="Content-Type" content="text/html;charset=utf-8" />
  <meta name='ocr-system' content='tesseract 3.04.00' />
  <meta name='ocr-capabilities' content='ocr_page ocr_carea ocr_par ocr_line ocrx_word'/>
</head>
<body>
  <div class='ocr_page' id='page_1' title='image "./salustiiquaeexs01sallgoog_0047.png"; bbox 0 0 3850 4867; ppageno 0'>
   <div class='ocr_carea' id='block_1_1' title="bbox 1519 340 1563 395">
    <p class='ocr_par' dir='ltr' id='par_1_1' title="bbox 1519 340 1563 395">
     <span class='ocr_line' id='line_1_1' title="bbox 1519 340 1563 395; baseline -0.023 0"><span class='ocrx_word' id='word_1_1' title='bbox 1519 340 1563 395; x_wconf 80' lang='lat'><strong>11</strong></span> 
     </span>
    </p>
   </div>
   <div class='ocr_carea' id='block_1_2' title="bbox 40 472 1596 797">
    <p class='ocr_par' dir='ltr' id='par_1_2' title="bbox 40 472 1596 797">
     <span class='ocr_line' id='line_1_2' title="bbox 168 472 1596 601; baseline -0.005 -18"><span class='ocrx_word' id='word_1_2' title='bbox 168 504 263 583; x_wconf 64' lang='lat' dir='ltr'><strong>artua</strong></span> <span class='ocrx_word' id='word_1_3' title='bbox 278 518 388 582; x_wconf 67' lang='lat' dir='ltr'><strong>nno.</strong></span> <span class='ocrx_word' id='word_1_4' title='bbox 417 514 555 583; x_wconf 58' lang='lat' dir='ltr'><strong>cerarum</strong></span> <span class='ocrx_word' id='word_1_5' title='bbox 578 518 692 583; x_wconf 73' lang='lat' dir='ltr'><strong>aona</strong></span> <span class='ocrx_word' id='word_1_6' title='bbox 710 550 730 570; x_wconf 91' lang='lat'>-</span> <span class='ocrx_word' id='word_1_7' title='bbox 749 520 782 581; x_wconf 72' lang='lat' dir='ltr'><strong>a.</strong></span> <span class='ocrx_word' id='word_1_8' title='bbox 799 517 932 582; x_wconf 64' lang='lat' dir='ltr'><strong>nosram</strong></span> <span class='ocrx_word' id='word_1_9' title='bbox 948 526 1135 601; x_wconf 58' lang='lat' dir='ltr'><strong>punam.</strong></span> <span class='ocrx_word' id='word_1_10' title='bbox 1159 516 1226 579; x_wconf 71' lang='grc' dir='ltr'><strong>ιιι.</strong></span> <span class='ocrx_word' id='word_1_11' title='bbox 1242 527 1392 600; x_wconf 53' lang='lat' dir='ltr'><strong>empore</strong></span> <span class='ocrx_word' id='word_1_12' title='bbox 1410 517 1480 582; x_wconf 66' lang='lat'><strong>1000</strong></span> <span class='ocrx_word' id='word_1_13' title='bbox 1491 533 1570 577; x_wconf 72' lang='lat' dir='ltr'><strong>eon-</strong></span> <span class='ocrx_word' id='word_1_14' title='bbox 1592 472 1596 476; x_wconf 57' lang='grc'><strong>’</strong></span> 
     </span>
     <span class='ocr_line' id='line_1_3' title="bbox 167 613 1570 699; baseline -0.004 -20"><span class='ocrx_word' id='word_1_15' title='bbox 167 620 273 679; x_wconf 84' lang='lat' dir='ltr'><strong>stitutc</strong></span> <span class='ocrx_word' id='word_1_16' title='bbox 291 649 311 667; x_wconf 90' lang='lat'>-</span> <span class='ocrx_word' id='word_1_17' title='bbox 328 622 415 679; x_wconf 85' lang='lat' dir='ltr'><strong>mltu</strong></span> <span class='ocrx_word' id='word_1_18' title='bbox 434 622 566 699; x_wconf 81' lang='lat' dir='ltr'><strong>eorporis</strong></span> <span class='ocrx_word' id='word_1_19' title='bbox 590 626 690 679; x_wconf 85' lang='lat' dir='ltr'><strong>mente</strong></span> <span class='ocrx_word' id='word_1_20' title='bbox 713 620 823 699; x_wconf 85' lang='lat' dir='ltr'><strong>pariter</strong></span> <span class='ocrx_word' id='word_1_21' title='bbox 842 649 862 667; x_wconf 91' lang='lat'>-</span> <span class='ocrx_word' id='word_1_22' title='bbox 880 618 1086 699; x_wconf 71' lang='lat' dir='ltr'><strong>patefecissent</strong></span> <span class='ocrx_word' id='word_1_23' title='bbox 1104 647 1125 664; x_wconf 92' lang='lat'><em>-</em></span> <span class='ocrx_word' id='word_1_24' title='bbox 1141 615 1277 692; x_wconf 84' lang='lat' dir='ltr'><strong>accedit,</strong></span> <span class='ocrx_word' id='word_1_25' title='bbox 1296 616 1410 676; x_wconf 84' lang='lat' dir='ltr'><strong>stetim.</strong></span> <span class='ocrx_word' id='word_1_26' title='bbox 1440 613 1511 686; x_wconf 86' lang='grc' dir='ltr'><strong>ιι4.</strong></span> <span class='ocrx_word' id='word_1_27' title='bbox 1528 616 1570 674; x_wconf 88' lang='lat' dir='ltr'><strong>il·</strong></span> 
     </span>
     <span class='ocr_line' id='line_1_4' title="bbox 40 714 716 797; baseline -0.006 -20"><span class='ocrx_word' id='word_1_28' title='bbox 40 732 47 787; x_wconf 71' lang='grc' dir='ltr'>ζ</span> <span class='ocrx_word' id='word_1_29' title='bbox 168 716 265 797; x_wconf 76' lang='lat' dir='ltr'><strong>linque</strong></span> <span class='ocrx_word' id='word_1_30' title='bbox 279 715 461 795; x_wconf 78' lang='lat' dir='ltr'><strong>temporibus</strong></span> <span class='ocrx_word' id='word_1_31' title='bbox 479 727 509 776; x_wconf 94' lang='lat' dir='ltr'><strong>et</strong></span> <span class='ocrx_word' id='word_1_32' title='bbox 525 714 596 776; x_wconf 93' lang='lat' dir='ltr'><strong>inde</strong></span> <span class='ocrx_word' id='word_1_33' title='bbox 613 735 716 795; x_wconf 87' lang='lat' dir='ltr'><strong>usque.</strong></span> 
     </span>
    </p>
   </div>
   <div class='ocr_carea' id='block_1_3' title="bbox 170 873 1571 1099">
    <p class='ocr_par' dir='ltr' id='par_1_3' title="bbox 170 873 1571 1099">
     <span class='ocr_line' id='line_1_5' title="bbox 274 873 1571 983; baseline -0.008 -23"><span class='ocrx_word' id='word_1_34' title='bbox 274 884 363 960; x_wconf 88' lang='lat' dir='ltr'><strong>Cod.</strong></span> <span class='ocrx_word' id='word_1_35' title='bbox 376 887 448 959; x_wconf 92' lang='lat' dir='ltr'><strong>XI.</strong></span> <span class='ocrx_word' id='word_1_36' title='bbox 473 884 537 981; x_wconf 83' lang='lat' dir='ltr'><strong>(A.</strong></span> <span class='ocrx_word' id='word_1_37' title='bbox 552 888 637 978; x_wconf 85' lang='grc' dir='ltr'><strong>4ο.)</strong></span> <span class='ocrx_word' id='word_1_38' title='bbox 664 886 819 959; x_wconf 83' lang='lat' dir='ltr'><strong>Saecxv.</strong></span> <span class='ocrx_word' id='word_1_39' title='bbox 848 880 1028 956; x_wconf 86' lang='lat' dir='ltr'><strong>Continet</strong></span> <span class='ocrx_word' id='word_1_40' title='bbox 1051 878 1259 955; x_wconf 83' lang='lat' dir='ltr'><strong>Catilinam</strong></span> <span class='ocrx_word' id='word_1_41' title='bbox 1280 892 1319 955; x_wconf 92' lang='lat' dir='ltr'><strong>et</strong></span> <span class='ocrx_word' id='word_1_42' title='bbox 1338 873 1571 983; x_wconf 86' lang='lat' dir='ltr'><strong>Jugurtham</strong></span> 
     </span>
     <span class='ocr_line' id='line_1_6' title="bbox 170 995 1507 1099; baseline -0.005 -27"><span class='ocrx_word' id='word_1_43' title='bbox 170 996 269 1075; x_wconf 87' lang='lat' dir='ltr'><strong>liber</strong></span> <span class='ocrx_word' id='word_1_44' title='bbox 283 1000 371 1075; x_wconf 87' lang='lat' dir='ltr'><strong>satis</strong></span> <span class='ocrx_word' id='word_1_45' title='bbox 388 1000 626 1091; x_wconf 88' lang='lat' dir='ltr'><strong>emendatus,</strong></span> <span class='ocrx_word' id='word_1_46' title='bbox 639 1000 704 1075; x_wconf 88' lang='lat' dir='ltr'><strong>sed</strong></span> <span class='ocrx_word' id='word_1_47' title='bbox 728 997 926 1099; x_wconf 86' lang='lat' dir='ltr'><strong>aliquoties</strong></span> <span class='ocrx_word' id='word_1_48' title='bbox 950 996 1077 1099; x_wconf 80' lang='lat' dir='ltr'><strong>glossae</strong></span> <span class='ocrx_word' id='word_1_49' title='bbox 1105 995 1147 1069; x_wconf 92' lang='lat' dir='ltr'><strong>iu</strong></span> <span class='ocrx_word' id='word_1_50' title='bbox 1168 1009 1315 1070; x_wconf 87' lang='lat' dir='ltr'><strong>textum</strong></span> <span class='ocrx_word' id='word_1_51' title='bbox 1338 1008 1507 1097; x_wconf 78' lang='lat' dir='ltr'><strong>receptae.</strong></span> 
     </span>
    </p>
   </div>
   <div class='ocr_carea' id='block_1_4' title="bbox 171 1146 1575 1910">
    <p class='ocr_par' dir='ltr' id='par_1_4' title="bbox 171 1146 1575 1910">
     <span class='ocr_line' id='line_1_7' title="bbox 254 1146 1573 1233; baseline -0.006 -18"><span class='ocrx_word' id='word_1_52' title='bbox 254 1153 344 1215; x_wconf 82' lang='lat' dir='ltr'><strong>Cutil.</strong></span> <span class='ocrx_word' id='word_1_53' title='bbox 370 1176 395 1214; x_wconf 90' lang='grc' dir='ltr'><strong>ι.</strong></span> <span class='ocrx_word' id='word_1_54' title='bbox 407 1155 492 1215; x_wconf 85' lang='lat' dir='ltr'><strong>bonre</strong></span> <span class='ocrx_word' id='word_1_55' title='bbox 506 1158 586 1215; x_wconf 89' lang='lat' dir='ltr'><strong>artis.</strong></span> <span class='ocrx_word' id='word_1_56' title='bbox 607 1155 636 1223; x_wconf 76' lang='lat'><strong>3,</strong></span> <span class='ocrx_word' id='word_1_57' title='bbox 653 1155 902 1213; x_wconf 87' lang='lat' dir='ltr'><strong>adulescentulus.</strong></span> <span class='ocrx_word' id='word_1_58' title='bbox 925 1156 951 1215; x_wconf 83' lang='lat'><strong>5.</strong></span> <span class='ocrx_word' id='word_1_59' title='bbox 962 1163 1109 1233; x_wconf 82' lang='lat' dir='ltr'><strong>repetere:</strong></span> <span class='ocrx_word' id='word_1_60' title='bbox 1127 1151 1240 1231; x_wconf 86' lang='lat' dir='ltr'><strong>paucis.</strong></span> <span class='ocrx_word' id='word_1_61' title='bbox 1262 1173 1290 1231; x_wconf 87' lang='lat'><strong>7.</strong></span> <span class='ocrx_word' id='word_1_62' title='bbox 1303 1150 1394 1209; x_wconf 87' lang='lat' dir='ltr'><strong>simul</strong></span> <span class='ocrx_word' id='word_1_63' title='bbox 1409 1146 1519 1207; x_wconf 82' lang='lat' dir='ltr'><strong>laboris</strong></span> <span class='ocrx_word' id='word_1_64' title='bbox 1538 1166 1573 1207; x_wconf 87' lang='lat' dir='ltr'><strong>ac</strong></span> 
     </span>
     <span class='ocr_line' id='line_1_8' title="bbox 171 1243 1573 1331; baseline -0.001 -22"><span class='ocrx_word' id='word_1_65' title='bbox 171 1245 256 1315; x_wconf 88' lang='lat' dir='ltr'><strong>belli.</strong></span> <span class='ocrx_word' id='word_1_66' title='bbox 286 1252 316 1311; x_wconf 92' lang='grc'><strong>8.</strong></span> <span class='ocrx_word' id='word_1_67' title='bbox 333 1263 479 1331; x_wconf 90' lang='lat' dir='ltr'><strong>quantum</strong></span> <span class='ocrx_word' id='word_1_68' title='bbox 498 1273 563 1310; x_wconf 85' lang='lat' dir='ltr'><strong>eam</strong></span> <span class='ocrx_word' id='word_1_69' title='bbox 584 1282 603 1299; x_wconf 89' lang='lat'>-</span> <span class='ocrx_word' id='word_1_70' title='bbox 624 1253 656 1310; x_wconf 89' lang='lat' dir='ltr'><strong>iu</strong></span> <span class='ocrx_word' id='word_1_71' title='bbox 676 1252 780 1309; x_wconf 91' lang='lat' dir='ltr'><strong>amicis</strong></span> <span class='ocrx_word' id='word_1_72' title='bbox 805 1250 916 1310; x_wconf 78' lang='lat' dir='ltr'><strong>fideles.</strong></span> <span class='ocrx_word' id='word_1_73' title='bbox 940 1268 987 1308; x_wconf 97' lang='grc' dir='ltr'><strong>ιο.</strong></span> <span class='ocrx_word' id='word_1_74' title='bbox 1007 1248 1100 1307; x_wconf 89' lang='lat' dir='ltr'><strong>bonas</strong></span> <span class='ocrx_word' id='word_1_75' title='bbox 1116 1257 1201 1305; x_wconf 90' lang='lat' dir='ltr'><strong>artes.</strong></span> <span class='ocrx_word' id='word_1_76' title='bbox 1229 1266 1277 1305; x_wconf 91' lang='grc' dir='ltr'><strong>ιι.</strong></span> <span class='ocrx_word' id='word_1_77' title='bbox 1299 1256 1374 1303; x_wconf 87' lang='lat' dir='ltr'><strong>artes</strong></span> <span class='ocrx_word' id='word_1_78' title='bbox 1397 1243 1492 1314; x_wconf 79' lang='lat' dir='ltr'><strong>bonae,</strong></span> <span class='ocrx_word' id='word_1_79' title='bbox 1525 1245 1573 1307; x_wconf 75' lang='lat'><strong>16.</strong></span> 
     </span>
     <span class='ocr_line' id='line_1_9' title="bbox 172 1341 1571 1427; baseline -0.005 -22"><span class='ocrx_word' id='word_1_80' title='bbox 172 1356 350 1427; x_wconf 79' lang='lat' dir='ltr'><strong>torpesceret</strong></span> <span class='ocrx_word' id='word_1_81' title='bbox 372 1368 516 1405; x_wconf 88' lang='lat' dir='ltr'><strong>manus·</strong></span> <span class='ocrx_word' id='word_1_82' title='bbox 536 1350 754 1427; x_wconf 85' lang='lat' dir='ltr'><strong>quamplures.</strong></span> <span class='ocrx_word' id='word_1_83' title='bbox 785 1367 833 1407; x_wconf 82' lang='lat' dir='ltr'><strong>no.</strong></span> <span class='ocrx_word' id='word_1_84' title='bbox 853 1346 933 1405; x_wconf 92' lang='lat' dir='ltr'><strong>idem</strong></span> <span class='ocrx_word' id='word_1_85' title='bbox 954 1348 1030 1407; x_wconf 76' lang='lat' dir='ltr'><strong>velle</strong></span> <span class='ocrx_word' id='word_1_86' title='bbox 1056 1354 1145 1424; x_wconf 91' lang='lat' dir='ltr'><strong>atque</strong></span> <span class='ocrx_word' id='word_1_87' title='bbox 1165 1345 1256 1401; x_wconf 92' lang='lat' dir='ltr'><strong>nolle.</strong></span> <span class='ocrx_word' id='word_1_88' title='bbox 1287 1341 1445 1422; x_wconf 24' lang='lat' dir='ltr'><strong>29.⁴uullis</strong></span> <span class='ocrx_word' id='word_1_89' title='bbox 1468 1360 1571 1399; x_wconf 83' lang='lat' dir='ltr'><strong>earum</strong></span> 
     </span>
     <span class='ocr_line' id='line_1_10' title="bbox 172 1438 1572 1524; baseline -0.004 -23"><span class='ocrx_word' id='word_1_90' title='bbox 172 1460 283 1502; x_wconf 87' lang='lat' dir='ltr'><strong>rerum.</strong></span> <span class='ocrx_word' id='word_1_91' title='bbox 316 1442 365 1504; x_wconf 81' lang='lat'><strong>30.</strong></span> <span class='ocrx_word' id='word_1_92' title='bbox 380 1464 449 1501; x_wconf 86' lang='lat' dir='ltr'><strong>nam</strong></span> <span class='ocrx_word' id='word_1_93' title='bbox 473 1441 506 1501; x_wconf 93' lang='lat' dir='ltr'><strong>bi</strong></span> <span class='ocrx_word' id='word_1_94' title='bbox 534 1446 654 1524; x_wconf 89' lang='lat' dir='ltr'><strong>utrique</strong></span> <span class='ocrx_word' id='word_1_95' title='bbox 674 1476 692 1489; x_wconf 96' lang='lat'>-</span> <span class='ocrx_word' id='word_1_96' title='bbox 712 1463 875 1523; x_wconf 89' lang='lat' dir='ltr'><strong>paucorum</strong></span> <span class='ocrx_word' id='word_1_97' title='bbox 902 1444 1072 1523; x_wconf 83' lang='lat' dir='ltr'><strong>potentium</strong></span> <span class='ocrx_word' id='word_1_98' title='bbox 1091 1440 1259 1498; x_wconf 88' lang='lat' dir='ltr'><strong>-ducenta</strong></span> <span class='ocrx_word' id='word_1_99' title='bbox 1284 1440 1381 1497; x_wconf 85' lang='lat' dir='ltr'><strong>millia</strong></span> <span class='ocrx_word' id='word_1_100' title='bbox 1406 1438 1572 1497; x_wconf 74' lang='lat' dir='ltr'><strong>sestertium</strong></span> 
     </span>
     <span class='ocr_line' id='line_1_11' title="bbox 173 1535 1575 1619; baseline -0.004 -22"><span class='ocrx_word' id='word_1_101' title='bbox 173 1536 235 1619; x_wconf 83' lang='lat' dir='ltr'><strong>(ex</strong></span> <span class='ocrx_word' id='word_1_102' title='bbox 247 1535 487 1619; x_wconf 88' lang='lat' dir='ltr'><strong>emendatione).</strong></span> <span class='ocrx_word' id='word_1_103' title='bbox 515 1539 564 1599; x_wconf 85' lang='lat'><strong>35.</strong></span> <span class='ocrx_word' id='word_1_104' title='bbox 580 1560 648 1598; x_wconf 89' lang='lat' dir='ltr'><strong>cum</strong></span> <span class='ocrx_word' id='word_1_105' title='bbox 667 1541 756 1598; x_wconf 84' lang='lat' dir='ltr'><strong>etiam</strong></span> <span class='ocrx_word' id='word_1_106' title='bbox 772 1542 886 1599; x_wconf 89' lang='lat' dir='ltr'><strong>alienis.</strong></span> <span class='ocrx_word' id='word_1_107' title='bbox 908 1539 958 1611; x_wconf 87' lang='grc'><strong>45.</strong></span> <span class='ocrx_word' id='word_1_108' title='bbox 981 1539 1114 1598; x_wconf 87' lang='lat' dir='ltr'><strong>Statilius</strong></span> <span class='ocrx_word' id='word_1_109' title='bbox 1131 1536 1277 1596; x_wconf 86' lang='lat' dir='ltr'><strong>Gabinius</strong></span> <span class='ocrx_word' id='word_1_110' title='bbox 1296 1566 1316 1583; x_wconf 89' lang='lat'>·</span> <span class='ocrx_word' id='word_1_111' title='bbox 1334 1536 1477 1615; x_wconf 90' lang='lat' dir='ltr'><strong>percussis</strong></span> <span class='ocrx_word' id='word_1_112' title='bbox 1504 1556 1575 1593; x_wconf 88' lang='lat' dir='ltr'><strong>cm·</strong></span> 
     </span>
     <span class='ocr_line' id='line_1_12' title="bbox 174 1634 1574 1718; baseline -0.003 -23"><span class='ocrx_word' id='word_1_113' title='bbox 174 1634 266 1695; x_wconf 83' lang='lat' dir='ltr'><strong>uibus</strong></span> <span class='ocrx_word' id='word_1_114' title='bbox 290 1665 310 1683; x_wconf 90' lang='lat'>-</span> <span class='ocrx_word' id='word_1_115' title='bbox 328 1634 481 1697; x_wconf 85' lang='lat' dir='ltr'><strong>abdicatus</strong></span> <span class='ocrx_word' id='word_1_116' title='bbox 503 1634 571 1718; x_wconf 91' lang='lat' dir='ltr'><strong>(m.</strong></span> <span class='ocrx_word' id='word_1_117' title='bbox 586 1634 677 1715; x_wconf 75' lang='lat' dir='ltr'><strong>sec).</strong></span> <span class='ocrx_word' id='word_1_118' title='bbox 699 1638 748 1711; x_wconf 96' lang='grc'><strong>48.</strong></span> <span class='ocrx_word' id='word_1_119' title='bbox 764 1638 876 1697; x_wconf 88' lang='lat' dir='ltr'><strong>edocet.</strong></span> <span class='ocrx_word' id='word_1_120' title='bbox 906 1638 1033 1700; x_wconf 62' lang='lat' dir='ltr'><strong>anania</strong></span> <span class='ocrx_word' id='word_1_121' title='bbox 1055 1636 1113 1693; x_wconf 87' lang='lat' dir='ltr'><strong>alia</strong></span> <span class='ocrx_word' id='word_1_122' title='bbox 1139 1666 1159 1681; x_wconf 90' lang='lat'>-</span> <span class='ocrx_word' id='word_1_123' title='bbox 1188 1655 1238 1693; x_wconf 86' lang='lat' dir='ltr'><strong>eos</strong></span> <span class='ocrx_word' id='word_1_124' title='bbox 1262 1652 1357 1693; x_wconf 85' lang='lat' dir='ltr'><strong>mores</strong></span> <span class='ocrx_word' id='word_1_125' title='bbox 1386 1642 1475 1711; x_wconf 88' lang='lat' dir='ltr'><strong>atque</strong></span> <span class='ocrx_word' id='word_1_126' title='bbox 1505 1650 1574 1691; x_wconf 86' lang='lat' dir='ltr'><strong>mo-</strong></span> 
     </span>
     <span class='ocr_line' id='line_1_13' title="bbox 174 1727 1574 1815; baseline -0.002 -24"><span class='ocrx_word' id='word_1_127' title='bbox 174 1730 300 1792; x_wconf 84' lang='lat' dir='ltr'><strong>destiam</strong></span> <span class='ocrx_word' id='word_1_128' title='bbox 320 1763 340 1781; x_wconf 90' lang='lat'>·</span> <span class='ocrx_word' id='word_1_129' title='bbox 364 1733 522 1793; x_wconf 80' lang='lat' dir='ltr'><strong>laudabat?</strong></span> <span class='ocrx_word' id='word_1_130' title='bbox 541 1736 695 1793; x_wconf 86' lang='lat' dir='ltr'><strong>sceleratus</strong></span> <span class='ocrx_word' id='word_1_131' title='bbox 719 1735 856 1793; x_wconf 78' lang='lat' dir='ltr'><strong>factiosos</strong></span> <span class='ocrx_word' id='word_1_132' title='bbox 873 1764 893 1782; x_wconf 89' lang='lat'>·</span> <span class='ocrx_word' id='word_1_133' title='bbox 918 1736 985 1815; x_wconf 87' lang='lat' dir='ltr'><strong>quis</strong></span> <span class='ocrx_word' id='word_1_134' title='bbox 1002 1735 1095 1792; x_wconf 80' lang='lat' dir='ltr'><strong>finem</strong></span> <span class='ocrx_word' id='word_1_135' title='bbox 1112 1741 1232 1792; x_wconf 74' lang='lat' dir='ltr'><strong>statuet.</strong></span> <span class='ocrx_word' id='word_1_136' title='bbox 1263 1730 1312 1794; x_wconf 79' lang='lat'><strong>52.</strong></span> <span class='ocrx_word' id='word_1_137' title='bbox 1337 1748 1400 1789; x_wconf 90' lang='lat' dir='ltr'><strong>nou</strong></span> <span class='ocrx_word' id='word_1_138' title='bbox 1419 1727 1456 1787; x_wconf 91' lang='lat' dir='ltr'><strong>de</strong></span> <span class='ocrx_word' id='word_1_139' title='bbox 1474 1729 1574 1788; x_wconf 87' lang='lat' dir='ltr'><strong>socio·</strong></span> 
     </span>
     <span class='ocr_line' id='line_1_14' title="bbox 175 1828 891 1910; baseline 0.001 -22"><span class='ocrx_word' id='word_1_140' title='bbox 175 1846 255 1889; x_wconf 83' lang='lat' dir='ltr'><strong>rum.</strong></span> <span class='ocrx_word' id='word_1_141' title='bbox 278 1830 326 1888; x_wconf 89' lang='lat'><strong>55.</strong></span> <span class='ocrx_word' id='word_1_142' title='bbox 341 1830 489 1889; x_wconf 87' lang='lat' dir='ltr'><strong>dimissus.</strong></span> <span class='ocrx_word' id='word_1_143' title='bbox 514 1830 561 1889; x_wconf 87' lang='grc'><strong>58.</strong></span> <span class='ocrx_word' id='word_1_144' title='bbox 580 1840 765 1910; x_wconf 89' lang='lat' dir='ltr'><strong>compertum</strong></span> <span class='ocrx_word' id='word_1_145' title='bbox 785 1828 891 1889; x_wconf 89' lang='lat' dir='ltr'><strong>habeo.</strong></span> 
     </span>
    </p>
   </div>
   <div class='ocr_carea' id='block_1_5' title="bbox 177 1947 1596 2609">
    <p class='ocr_par' dir='ltr' id='par_1_5' title="bbox 177 1947 1596 2609">
     <span class='ocr_line' id='line_1_15' title="bbox 258 1947 1575 2033; baseline -0.005 -24"><span class='ocrx_word' id='word_1_146' title='bbox 258 1947 411 2031; x_wconf 69' lang='lat' dir='ltr'><strong>Iugurtha</strong></span> <span class='ocrx_word' id='word_1_147' title='bbox 431 1973 457 2011; x_wconf 90' lang='lat' dir='ltr'><strong>r.</strong></span> <span class='ocrx_word' id='word_1_148' title='bbox 477 1951 570 2012; x_wconf 85' lang='lat' dir='ltr'><strong>bonas</strong></span> <span class='ocrx_word' id='word_1_149' title='bbox 589 1964 673 2013; x_wconf 87' lang='lat' dir='ltr'><strong>artes.</strong></span> <span class='ocrx_word' id='word_1_150' title='bbox 696 1964 724 2025; x_wconf 91' lang='grc'><strong>4.</strong></span> <span class='ocrx_word' id='word_1_151' title='bbox 743 1952 866 2033; x_wconf 80' lang='lat' dir='ltr'><strong>adeptae</strong></span> <span class='ocrx_word' id='word_1_152' title='bbox 881 1971 958 2011; x_wconf 89' lang='lat' dir='ltr'><strong>sum.</strong></span> <span class='ocrx_word' id='word_1_153' title='bbox 981 1951 1011 2011; x_wconf 89' lang='lat'><strong>6.</strong></span> <span class='ocrx_word' id='word_1_154' title='bbox 1024 1972 1083 2010; x_wconf 82' lang='lat' dir='ltr'><strong>suae</strong></span> <span class='ocrx_word' id='word_1_155' title='bbox 1107 1948 1278 2016; x_wconf 82' lang='lat' dir='ltr'><strong>liberorum.</strong></span> <span class='ocrx_word' id='word_1_156' title='bbox 1300 1970 1330 2029; x_wconf 86' lang='lat'><strong>7.</strong></span> <span class='ocrx_word' id='word_1_157' title='bbox 1348 1947 1434 2007; x_wconf 79' lang='lat' dir='ltr'><strong>facile</strong></span> <span class='ocrx_word' id='word_1_158' title='bbox 1449 1962 1575 2004; x_wconf 89' lang='lat' dir='ltr'><strong>occasu·</strong></span> 
     </span>
     <span class='ocr_line' id='line_1_16' title="bbox 177 2043 1573 2127; baseline -0.006 -18"><span class='ocrx_word' id='word_1_159' title='bbox 177 2066 257 2109; x_wconf 82' lang='lat' dir='ltr'><strong>rum.</strong></span> <span class='ocrx_word' id='word_1_160' title='bbox 280 2069 326 2107; x_wconf 88' lang='grc' dir='ltr'><strong>ιι.</strong></span> <span class='ocrx_word' id='word_1_161' title='bbox 340 2050 372 2107; x_wconf 93' lang='lat' dir='ltr'><strong>in</strong></span> <span class='ocrx_word' id='word_1_162' title='bbox 389 2070 484 2107; x_wconf 89' lang='lat' dir='ltr'><strong>uuum</strong></span> <span class='ocrx_word' id='word_1_163' title='bbox 501 2052 684 2109; x_wconf 82' lang='lat' dir='ltr'><strong>conveniunt</strong></span> <span class='ocrx_word' id='word_1_164' title='bbox 701 2081 721 2097; x_wconf 92' lang='lat'>-</span> <span class='ocrx_word' id='word_1_165' title='bbox 742 2048 834 2108; x_wconf 87' lang='lat' dir='ltr'><strong>tribus</strong></span> <span class='ocrx_word' id='word_1_166' title='bbox 853 2049 995 2127; x_wconf 85' lang='lat' dir='ltr'><strong>proximis</strong></span> <span class='ocrx_word' id='word_1_167' title='bbox 1012 2050 1044 2105; x_wconf 92' lang='lat' dir='ltr'><strong>iu</strong></span> <span class='ocrx_word' id='word_1_168' title='bbox 1065 2068 1200 2127; x_wconf 86' lang='lat' dir='ltr'><strong>regnum.</strong></span> <span class='ocrx_word' id='word_1_169' title='bbox 1226 2046 1271 2116; x_wconf 87' lang='grc' dir='ltr'><strong>ι4.</strong></span> <span class='ocrx_word' id='word_1_170' title='bbox 1286 2066 1374 2124; x_wconf 91' lang='lat' dir='ltr'><strong>quem</strong></span> <span class='ocrx_word' id='word_1_171' title='bbox 1389 2043 1573 2121; x_wconf 82' lang='lat' dir='ltr'><strong>jussissetis·</strong></span> 
     </span>
     <span class='ocr_line' id='line_1_17' title="bbox 177 2140 1596 2226; baseline -0.005 -23"><span class='ocrx_word' id='word_1_172' title='bbox 177 2143 274 2203; x_wconf 87' lang='lat' dir='ltr'><strong>isdem</strong></span> <span class='ocrx_word' id='word_1_173' title='bbox 296 2144 372 2204; x_wconf 87' lang='lat' dir='ltr'><strong>dolis</strong></span> <span class='ocrx_word' id='word_1_174' title='bbox 391 2176 410 2191; x_wconf 95' lang='lat'>-</span> <span class='ocrx_word' id='word_1_175' title='bbox 432 2147 457 2203; x_wconf 92' lang='lat' dir='ltr'><strong>is</strong></span> <span class='ocrx_word' id='word_1_176' title='bbox 477 2166 515 2203; x_wconf 91' lang='lat' dir='ltr'><strong>ne</strong></span> <span class='ocrx_word' id='word_1_177' title='bbox 534 2148 627 2207; x_wconf 88' lang='lat' dir='ltr'><strong>alium</strong></span> <span class='ocrx_word' id='word_1_178' title='bbox 647 2156 797 2225; x_wconf 85' lang='lat' dir='ltr'><strong>putarent.</strong></span> <span class='ocrx_word' id='word_1_179' title='bbox 834 2146 931 2204; x_wconf 83' lang='lat' dir='ltr'><strong>18.se</strong></span> <span class='ocrx_word' id='word_1_180' title='bbox 958 2146 1069 2226; x_wconf 74' lang='lat' dir='ltr'><strong>gaetulis</strong></span> <span class='ocrx_word' id='word_1_181' title='bbox 1091 2146 1244 2202; x_wconf 78' lang='lat' dir='ltr'><strong>miscuere.</strong></span> <span class='ocrx_word' id='word_1_182' title='bbox 1266 2162 1314 2201; x_wconf 85' lang='grc' dir='ltr'><strong>ιο.</strong></span> <span class='ocrx_word' id='word_1_183' title='bbox 1328 2140 1490 2199; x_wconf 83' lang='lat' dir='ltr'><strong>discessere.</strong></span> <span class='ocrx_word' id='word_1_184' title='bbox 1524 2158 1596 2197; x_wconf 51' lang='lat' dir='ltr'><strong>aru</strong></span> 
     </span>
     <span class='ocr_line' id='line_1_18' title="bbox 178 2234 1573 2321; baseline -0.003 -23"><span class='ocrx_word' id='word_1_185' title='bbox 178 2238 306 2321; x_wconf 78' lang='lat' dir='ltr'><strong>dignum</strong></span> <span class='ocrx_word' id='word_1_186' title='bbox 326 2242 397 2299; x_wconf 85' lang='lat' dir='ltr'><strong>fure.</strong></span> <span class='ocrx_word' id='word_1_187' title='bbox 421 2253 467 2312; x_wconf 75' lang='lat'><strong>24.</strong></span> <span class='ocrx_word' id='word_1_188' title='bbox 484 2252 515 2300; x_wconf 89' lang='lat' dir='ltr'><strong>et</strong></span> <span class='ocrx_word' id='word_1_189' title='bbox 531 2263 595 2320; x_wconf 80' lang='lat' dir='ltr'><strong>quae</strong></span> <span class='ocrx_word' id='word_1_190' title='bbox 610 2253 696 2299; x_wconf 82' lang='lat' dir='ltr'><strong>autea</strong></span> <span class='ocrx_word' id='word_1_191' title='bbox 707 2273 727 2289; x_wconf 89' lang='lat'>-</span> <span class='ocrx_word' id='word_1_192' title='bbox 747 2263 794 2301; x_wconf 93' lang='lat' dir='ltr'><strong>me</strong></span> <span class='ocrx_word' id='word_1_193' title='bbox 811 2262 845 2299; x_wconf 87' lang='lat' dir='ltr'><strong>ex</strong></span> <span class='ocrx_word' id='word_1_194' title='bbox 860 2240 1007 2299; x_wconf 89' lang='lat' dir='ltr'><strong>manibus.</strong></span> <span class='ocrx_word' id='word_1_195' title='bbox 1030 2260 1079 2321; x_wconf 84' lang='lat'><strong>²7·</strong></span> <span class='ocrx_word' id='word_1_196' title='bbox 1099 2240 1204 2319; x_wconf 82' lang='lat' dir='ltr'><strong>agitari</strong></span> <span class='ocrx_word' id='word_1_197' title='bbox 1215 2240 1320 2317; x_wconf 72' lang='lat' dir='ltr'><strong>‘coepit</strong></span> <span class='ocrx_word' id='word_1_198' title='bbox 1345 2239 1392 2296; x_wconf 83' lang='grc' dir='ltr'><strong>ι8.</strong></span> <span class='ocrx_word' id='word_1_199' title='bbox 1404 2238 1502 2316; x_wconf 84' lang='lat' dir='ltr'><strong>ipsum</strong></span> <span class='ocrx_word' id='word_1_200' title='bbox 1518 2234 1573 2297; x_wconf 87' lang='lat' dir='ltr'><strong>de-</strong></span> 
     </span>
     <span class='ocr_line' id='line_1_19' title="bbox 179 2331 1573 2416; baseline -0.004 -21"><span class='ocrx_word' id='word_1_201' title='bbox 179 2336 288 2395; x_wconf 88' lang='lat' dir='ltr'><strong>ditum.</strong></span> <span class='ocrx_word' id='word_1_202' title='bbox 315 2336 362 2396; x_wconf 79' lang='lat'><strong>31.</strong></span> <span class='ocrx_word' id='word_1_203' title='bbox 377 2339 449 2396; x_wconf 91' lang='lat' dir='ltr'><strong>item</strong></span> <span class='ocrx_word' id='word_1_204' title='bbox 466 2339 560 2396; x_wconf 88' lang='lat' dir='ltr'><strong>nostri</strong></span> <span class='ocrx_word' id='word_1_205' title='bbox 579 2337 702 2397; x_wconf 86' lang='lat' dir='ltr'><strong>ordinis.</strong></span> <span class='ocrx_word' id='word_1_206' title='bbox 722 2337 771 2399; x_wconf 83' lang='grc' dir='ltr'><strong>5ι.</strong></span> <span class='ocrx_word' id='word_1_207' title='bbox 791 2357 860 2395; x_wconf 85' lang='grc' dir='ltr'><strong>οιιιιι</strong></span> <span class='ocrx_word' id='word_1_208' title='bbox 882 2338 1055 2416; x_wconf 87' lang='lat' dir='ltr'><strong>interposita</strong></span> <span class='ocrx_word' id='word_1_209' title='bbox 1075 2368 1094 2381; x_wconf 95' lang='lat'>-</span> <span class='ocrx_word' id='word_1_210' title='bbox 1114 2336 1228 2416; x_wconf 87' lang='lat' dir='ltr'><strong>magnis</strong></span> <span class='ocrx_word' id='word_1_211' title='bbox 1249 2332 1413 2395; x_wconf 87' lang='lat' dir='ltr'><strong>itineribus.</strong></span> <span class='ocrx_word' id='word_1_212' title='bbox 1444 2331 1493 2391; x_wconf 87' lang='grc'><strong>58.</strong></span> <span class='ocrx_word' id='word_1_213' title='bbox 1506 2331 1573 2390; x_wconf 88' lang='lat' dir='ltr'><strong>Nu·-</strong></span> 
     </span>
     <span class='ocr_line' id='line_1_20' title="bbox 180 2430 1574 2512; baseline 0 -21"><span class='ocrx_word' id='word_1_214' title='bbox 180 2432 276 2491; x_wconf 80' lang='lat' dir='ltr'><strong>midia</strong></span> <span class='ocrx_word' id='word_1_215' title='bbox 298 2431 472 2492; x_wconf 87' lang='lat' dir='ltr'><strong>decederent</strong></span> <span class='ocrx_word' id='word_1_216' title='bbox 490 2464 509 2479; x_wconf 89' lang='lat'><strong>··</strong></span> <span class='ocrx_word' id='word_1_217' title='bbox 527 2436 616 2512; x_wconf 86' lang='lat' dir='ltr'><strong>plena</strong></span> <span class='ocrx_word' id='word_1_218' title='bbox 636 2435 741 2492; x_wconf 87' lang='lat' dir='ltr'><strong>loreut.</strong></span> <span class='ocrx_word' id='word_1_219' title='bbox 773 2433 822 2505; x_wconf 90' lang='grc'><strong>44.</strong></span> <span class='ocrx_word' id='word_1_220' title='bbox 839 2444 891 2491; x_wconf 84' lang='lat' dir='ltr'><strong>eut</strong></span> <span class='ocrx_word' id='word_1_221' title='bbox 913 2434 976 2512; x_wconf 88' lang='lat' dir='ltr'><strong>spei</strong></span> <span class='ocrx_word' id='word_1_222' title='bbox 996 2430 1161 2491; x_wconf 85' lang='lat' dir='ltr'><strong>accedebat.</strong></span> <span class='ocrx_word' id='word_1_223' title='bbox 1193 2431 1242 2501; x_wconf 89' lang='grc'><strong>48.</strong></span> <span class='ocrx_word' id='word_1_224' title='bbox 1257 2450 1329 2510; x_wconf 80' lang='lat' dir='ltr'><strong>ques</strong></span> <span class='ocrx_word' id='word_1_225' title='bbox 1345 2438 1442 2508; x_wconf 89' lang='lat' dir='ltr'><strong>potest</strong></span> <span class='ocrx_word' id='word_1_226' title='bbox 1464 2430 1574 2509; x_wconf 86' lang='lat' dir='ltr'><strong>copiae.</strong></span> 
     </span>
     <span class='ocr_line' id='line_1_21' title="bbox 180 2521 1576 2609; baseline -0.004 -20"><span class='ocrx_word' id='word_1_227' title='bbox 180 2528 233 2609; x_wconf 88' lang='grc'><strong>49.</strong></span> <span class='ocrx_word' id='word_1_228' title='bbox 263 2538 293 2589; x_wconf 84' lang='lat' dir='ltr'><strong>et</strong></span> <span class='ocrx_word' id='word_1_229' title='bbox 323 2530 449 2609; x_wconf 89' lang='lat' dir='ltr'><strong>pedibus</strong></span> <span class='ocrx_word' id='word_1_230' title='bbox 479 2529 608 2587; x_wconf 83' lang='lat' dir='ltr'><strong>delectos</strong></span> <span class='ocrx_word' id='word_1_231' title='bbox 632 2550 699 2588; x_wconf 88' lang='lat' dir='ltr'><strong>suos</strong></span> <span class='ocrx_word' id='word_1_232' title='bbox 739 2527 823 2609; x_wconf 89' lang='lat' dir='ltr'><strong>(sed</strong></span> <span class='ocrx_word' id='word_1_233' title='bbox 853 2528 977 2589; x_wconf 80' lang='lat' dir='ltr'><strong>delectos</strong></span> <span class='ocrx_word' id='word_1_234' title='bbox 1006 2551 1047 2586; x_wconf 92' lang='lat' dir='ltr'><strong>m.</strong></span> <span class='ocrx_word' id='word_1_235' title='bbox 1081 2546 1136 2590; x_wconf 82' lang='lat' dir='ltr'><strong>sec.</strong></span> <span class='ocrx_word' id='word_1_236' title='bbox 1162 2548 1196 2585; x_wconf 87' lang='lat' dir='ltr'><strong>ex</strong></span> <span class='ocrx_word' id='word_1_237' title='bbox 1223 2521 1456 2605; x_wconf 86' lang='lat' dir='ltr'><strong>emendatione)</strong></span> <span class='ocrx_word' id='word_1_238' title='bbox 1483 2556 1503 2571; x_wconf 89' lang='lat'>-</span> <span class='ocrx_word' id='word_1_239' title='bbox 1521 2544 1576 2584; x_wconf 87' lang='lat' dir='ltr'><strong>oo-</strong></span> 
     </span>
    </p>
   </div>
   <div class='ocr_carea' id='block_1_6' title="bbox 181 2620 1688 2704">
    <p class='ocr_par' dir='ltr' id='par_1_6' title="bbox 181 2620 1688 2704">
     <span class='ocr_line' id='line_1_22' title="bbox 181 2620 1688 2704; baseline -0.003 -18"><span class='ocrx_word' id='word_1_240' title='bbox 181 2628 289 2687; x_wconf 87' lang='lat' dir='ltr'><strong>cultuti</strong></span> <span class='ocrx_word' id='word_1_241' title='bbox 307 2657 327 2674; x_wconf 73' lang='grc' dir='ltr'><strong>ι·</strong></span> <span class='ocrx_word' id='word_1_242' title='bbox 346 2646 413 2687; x_wconf 90' lang='lat' dir='ltr'><strong>cum</strong></span> <span class='ocrx_word' id='word_1_243' title='bbox 429 2626 554 2684; x_wconf 90' lang='lat' dir='ltr'><strong>dilectis.</strong></span> <span class='ocrx_word' id='word_1_244' title='bbox 584 2626 633 2684; x_wconf 82' lang='lat'><strong>62.</strong></span> <span class='ocrx_word' id='word_1_245' title='bbox 647 2627 689 2699; x_wconf 84' lang='lat' dir='ltr'><strong>is,</strong></span> <span class='ocrx_word' id='word_1_246' title='bbox 708 2634 742 2683; x_wconf 90' lang='lat' dir='ltr'><strong>ut</strong></span> <span class='ocrx_word' id='word_1_247' title='bbox 759 2636 962 2704; x_wconf 89' lang='lat' dir='ltr'><strong>opportunum</strong></span> <span class='ocrx_word' id='word_1_248' title='bbox 983 2626 1040 2683; x_wconf 88' lang='lat' dir='ltr'><strong>suit</strong></span> <span class='ocrx_word' id='word_1_249' title='bbox 1057 2653 1077 2669; x_wconf 88' lang='lat'><strong>·</strong></span> <span class='ocrx_word' id='word_1_250' title='bbox 1102 2632 1204 2701; x_wconf 82' lang='lat' dir='ltr'><strong>coptos</strong></span> <span class='ocrx_word' id='word_1_251' title='bbox 1221 2632 1273 2681; x_wconf 81' lang='lat' dir='ltr'><strong>aut</strong></span> <span class='ocrx_word' id='word_1_252' title='bbox 1293 2622 1405 2681; x_wconf 82' lang='lat' dir='ltr'><strong>occisos</strong></span> <span class='ocrx_word' id='word_1_253' title='bbox 1422 2654 1442 2669; x_wconf 93' lang='lat'><strong>··</strong></span> <span class='ocrx_word' id='word_1_254' title='bbox 1460 2620 1577 2681; x_wconf 76' lang='lat' dir='ltr'><strong>Atlio·</strong></span> <span class='ocrx_word' id='word_1_255' title='bbox 1680 2644 1688 2655; x_wconf 92' lang='grc'><em>·</em></span> 
     </span>
    </p>
   </div>
   <div class='ocr_carea' id='block_1_7' title="bbox 184 2718 1581 3479">
    <p class='ocr_par' dir='ltr' id='par_1_7' title="bbox 184 2718 1581 3479">
     <span class='ocr_line' id='line_1_23' title="bbox 184 2718 1576 2801; baseline -0.005 -17"><span class='ocrx_word' id='word_1_256' title='bbox 184 2745 240 2784; x_wconf 81' lang='lat' dir='ltr'><strong>mee</strong></span> <span class='ocrx_word' id='word_1_257' title='bbox 248 2736 375 2785; x_wconf 86' lang='lat' dir='ltr'><strong>senatus.</strong></span> <span class='ocrx_word' id='word_1_258' title='bbox 398 2724 447 2785; x_wconf 84' lang='grc'><strong>65.</strong></span> <span class='ocrx_word' id='word_1_259' title='bbox 463 2725 540 2781; x_wconf 90' lang='lat' dir='ltr'><strong>inter</strong></span> <span class='ocrx_word' id='word_1_260' title='bbox 558 2720 651 2781; x_wconf 90' lang='lat' dir='ltr'><strong>bonas</strong></span> <span class='ocrx_word' id='word_1_261' title='bbox 667 2732 752 2780; x_wconf 85' lang='lat' dir='ltr'><strong>artes.</strong></span> <span class='ocrx_word' id='word_1_262' title='bbox 777 2721 824 2801; x_wconf 90' lang='grc'><strong>75.</strong></span> <span class='ocrx_word' id='word_1_263' title='bbox 847 2721 929 2801; x_wconf 92' lang='lat' dir='ltr'><strong>quod</strong></span> <span class='ocrx_word' id='word_1_264' title='bbox 941 2723 1110 2801; x_wconf 89' lang='lat' dir='ltr'><strong>proximum</strong></span> <span class='ocrx_word' id='word_1_265' title='bbox 1128 2718 1242 2798; x_wconf 91' lang='lat' dir='ltr'><strong>oppido</strong></span> <span class='ocrx_word' id='word_1_266' title='bbox 1259 2738 1328 2777; x_wconf 89' lang='lat' dir='ltr'><strong>esse.</strong></span> <span class='ocrx_word' id='word_1_267' title='bbox 1360 2739 1408 2797; x_wconf 88' lang='lat'><strong>77.</strong></span> <span class='ocrx_word' id='word_1_268' title='bbox 1419 2740 1512 2799; x_wconf 79' lang='lat' dir='ltr'><strong>gnare</strong></span> <span class='ocrx_word' id='word_1_269' title='bbox 1530 2720 1576 2777; x_wconf 84' lang='lat' dir='ltr'><strong>sc-</strong></span> 
     </span>
     <span class='ocr_line' id='line_1_24' title="bbox 184 2815 1577 2899; baseline -0.005 -18"><span class='ocrx_word' id='word_1_270' title='bbox 184 2838 250 2881; x_wconf 84' lang='lat' dir='ltr'><strong>cere</strong></span> <span class='ocrx_word' id='word_1_271' title='bbox 269 2852 289 2868; x_wconf 90' lang='lat'><strong>·</strong></span> <span class='ocrx_word' id='word_1_272' title='bbox 307 2827 454 2898; x_wconf 82' lang='lat' dir='ltr'><strong>majorum</strong></span> <span class='ocrx_word' id='word_1_273' title='bbox 472 2821 567 2894; x_wconf 86' lang='lat' dir='ltr'><strong>sacta,</strong></span> <span class='ocrx_word' id='word_1_274' title='bbox 588 2828 781 2899; x_wconf 86' lang='lat' dir='ltr'><strong>cognatorum</strong></span> <span class='ocrx_word' id='word_1_275' title='bbox 802 2819 863 2876; x_wconf 84' lang='lat' dir='ltr'><strong>-is</strong></span> <span class='ocrx_word' id='word_1_276' title='bbox 884 2819 977 2875; x_wconf 84' lang='lat' dir='ltr'><strong>alium</strong></span> <span class='ocrx_word' id='word_1_277' title='bbox 999 2818 1207 2896; x_wconf 85' lang='lat' dir='ltr'><strong>imperatorem</strong></span> <span class='ocrx_word' id='word_1_278' title='bbox 1227 2824 1335 2895; x_wconf 76' lang='lat' dir='ltr'><strong>querat</strong></span> <span class='ocrx_word' id='word_1_279' title='bbox 1354 2846 1373 2859; x_wconf 95' lang='lat'>-</span> <span class='ocrx_word' id='word_1_280' title='bbox 1391 2815 1577 2892; x_wconf 84' lang='lat' dir='ltr'><strong>jocundiora.</strong></span> 
     </span>
     <span class='ocr_line' id='line_1_25' title="bbox 184 2910 1578 2996; baseline -0.004 -21"><span class='ocrx_word' id='word_1_281' title='bbox 184 2914 236 2996; x_wconf 90' lang='grc'><strong>95.</strong></span> <span class='ocrx_word' id='word_1_282' title='bbox 254 2914 387 2975; x_wconf 84' lang='lat' dir='ltr'><strong>difficilia</strong></span> <span class='ocrx_word' id='word_1_283' title='bbox 410 2915 543 2974; x_wconf 79' lang='lat' dir='ltr'><strong>faciundi</strong></span> <span class='ocrx_word' id='word_1_284' title='bbox 569 2917 705 2973; x_wconf 87' lang='lat' dir='ltr'><strong>animum</strong></span> <span class='ocrx_word' id='word_1_285' title='bbox 728 2912 863 2971; x_wconf 90' lang='lat' dir='ltr'><strong>incendit</strong></span> <span class='ocrx_word' id='word_1_286' title='bbox 881 2945 901 2959; x_wconf 94' lang='lat'><em>-</em></span> <span class='ocrx_word' id='word_1_287' title='bbox 919 2916 1078 2992; x_wconf 90' lang='lat' dir='ltr'><strong>paululum</strong></span> <span class='ocrx_word' id='word_1_288' title='bbox 1100 2910 1191 2970; x_wconf 89' lang='lat' dir='ltr'><strong>modo</strong></span> <span class='ocrx_word' id='word_1_289' title='bbox 1214 2930 1310 2991; x_wconf 91' lang='lat' dir='ltr'><strong>prona</strong></span> <span class='ocrx_word' id='word_1_290' title='bbox 1328 2943 1348 2958; x_wconf 91' lang='lat'>-</span> <span class='ocrx_word' id='word_1_291' title='bbox 1367 2931 1426 2990; x_wconf 90' lang='lat' dir='ltr'><strong>qua</strong></span> <span class='ocrx_word' id='word_1_292' title='bbox 1445 2913 1508 2990; x_wconf 87' lang='lat' dir='ltr'><strong>ipse</strong></span> <span class='ocrx_word' id='word_1_293' title='bbox 1529 2932 1578 2971; x_wconf 88' lang='lat' dir='ltr'><strong>as-</strong></span> 
     </span>
     <span class='ocr_line' id='line_1_26' title="bbox 184 3008 1577 3092; baseline -0.004 -19"><span class='ocrx_word' id='word_1_294' title='bbox 184 3011 333 3073; x_wconf 87' lang='lat' dir='ltr'><strong>cenderal.</strong></span> <span class='ocrx_word' id='word_1_295' title='bbox 351 3012 401 3092; x_wconf 90' lang='grc'><strong>95.</strong></span> <span class='ocrx_word' id='word_1_296' title='bbox 412 3012 523 3091; x_wconf 89' lang='lat' dir='ltr'><strong>pudeat</strong></span> <span class='ocrx_word' id='word_1_297' title='bbox 541 3012 633 3090; x_wconf 82' lang='lat' dir='ltr'><strong>magis</strong></span> <span class='ocrx_word' id='word_1_298' title='bbox 650 3030 689 3067; x_wconf 90' lang='lat' dir='ltr'><strong>au</strong></span> <span class='ocrx_word' id='word_1_299' title='bbox 704 3010 812 3089; x_wconf 85' lang='lat' dir='ltr'><strong>pigeat.</strong></span> <span class='ocrx_word' id='word_1_300' title='bbox 834 3010 882 3088; x_wconf 88' lang='lat'><strong>98.</strong></span> <span class='ocrx_word' id='word_1_301' title='bbox 897 3009 1006 3066; x_wconf 80' lang='lat' dir='ltr'><strong>feroces</strong></span> <span class='ocrx_word' id='word_1_302' title='bbox 1021 3029 1096 3080; x_wconf 88' lang='lat' dir='ltr'><strong>esse,</strong></span> <span class='ocrx_word' id='word_1_303' title='bbox 1116 3010 1186 3087; x_wconf 86' lang='lat' dir='ltr'><strong>quia</strong></span> <span class='ocrx_word' id='word_1_304' title='bbox 1205 3028 1267 3065; x_wconf 93' lang='lat' dir='ltr'><strong>nou</strong></span> <span class='ocrx_word' id='word_1_305' title='bbox 1287 3008 1405 3087; x_wconf 82' lang='lat' dir='ltr'><strong>lugere,</strong></span> <span class='ocrx_word' id='word_1_306' title='bbox 1418 3027 1483 3085; x_wconf 92' lang='lat' dir='ltr'><strong>pro.</strong></span> <span class='ocrx_word' id='word_1_307' title='bbox 1510 3027 1577 3067; x_wconf 86' lang='lat' dir='ltr'><strong>roo.</strong></span> 
     </span>
     <span class='ocr_line' id='line_1_27' title="bbox 184 3101 1576 3186; baseline -0.006 -17"><span class='ocrx_word' id='word_1_308' title='bbox 184 3108 337 3169; x_wconf 86' lang='lat' dir='ltr'><strong>duritiem.</strong></span> <span class='ocrx_word' id='word_1_309' title='bbox 371 3129 437 3166; x_wconf 85' lang='lat' dir='ltr'><strong>ror.</strong></span> <span class='ocrx_word' id='word_1_310' title='bbox 454 3105 535 3186; x_wconf 89' lang='lat' dir='ltr'><strong>apud</strong></span> <span class='ocrx_word' id='word_1_311' title='bbox 548 3108 660 3184; x_wconf 91' lang='lat' dir='ltr'><strong>primos</strong></span> <span class='ocrx_word' id='word_1_312' title='bbox 679 3115 741 3163; x_wconf 86' lang='lat' dir='ltr'><strong>erat</strong></span> <span class='ocrx_word' id='word_1_313' title='bbox 760 3136 779 3151; x_wconf 85' lang='lat'><strong>-·</strong></span> <span class='ocrx_word' id='word_1_314' title='bbox 798 3106 894 3163; x_wconf 87' lang='lat' dir='ltr'><strong>acrius</strong></span> <span class='ocrx_word' id='word_1_315' title='bbox 913 3107 1021 3162; x_wconf 79' lang='lat' dir='ltr'><strong>instare</strong></span> <span class='ocrx_word' id='word_1_316' title='bbox 1041 3110 1170 3181; x_wconf 90' lang='lat' dir='ltr'><strong>jamque.</strong></span> <span class='ocrx_word' id='word_1_317' title='bbox 1203 3122 1268 3162; x_wconf 86' lang='grc' dir='ltr'><strong>ιοι.</strong></span> <span class='ocrx_word' id='word_1_318' title='bbox 1287 3101 1368 3161; x_wconf 90' lang='lat' dir='ltr'><strong>unde</strong></span> <span class='ocrx_word' id='word_1_319' title='bbox 1395 3101 1576 3183; x_wconf 78' lang='lat' dir='ltr'><strong>Jugurtham</strong></span> 
     </span>
     <span class='ocr_line' id='line_1_28' title="bbox 185 3199 1579 3284; baseline -0.004 -20"><span class='ocrx_word' id='word_1_320' title='bbox 185 3206 301 3270; x_wconf 83' lang='lat' dir='ltr'><strong>Marius</strong></span> <span class='ocrx_word' id='word_1_321' title='bbox 316 3208 475 3284; x_wconf 84' lang='lat' dir='ltr'><strong>expulerat.</strong></span> <span class='ocrx_word' id='word_1_322' title='bbox 508 3201 573 3261; x_wconf 83' lang='lat'><strong>103.</strong></span> <span class='ocrx_word' id='word_1_323' title='bbox 596 3201 806 3260; x_wconf 79' lang='lat' dir='ltr'><strong>benevolentiae</strong></span> <span class='ocrx_word' id='word_1_324' title='bbox 835 3222 899 3261; x_wconf 85' lang='grc' dir='ltr'><strong>ιιο.</strong></span> <span class='ocrx_word' id='word_1_325' title='bbox 922 3211 978 3258; x_wconf 72' lang='lat' dir='ltr'><strong>ture</strong></span> <span class='ocrx_word' id='word_1_326' title='bbox 996 3199 1235 3279; x_wconf 83' lang='lat' dir='ltr'><strong>operaepretium</strong></span> <span class='ocrx_word' id='word_1_327' title='bbox 1254 3200 1399 3257; x_wconf 80' lang='lat' dir='ltr'><strong>amicitiae</strong></span> <span class='ocrx_word' id='word_1_328' title='bbox 1424 3219 1488 3258; x_wconf 87' lang='grc' dir='ltr'><strong>ιιι.</strong></span> <span class='ocrx_word' id='word_1_329' title='bbox 1502 3201 1579 3258; x_wconf 82' lang='grc' dir='ltr'><strong>1οοὶ-</strong></span> 
     </span>
     <span class='ocr_line' id='line_1_29' title="bbox 186 3296 1581 3377; baseline -0.004 -15"><span class='ocrx_word' id='word_1_330' title='bbox 186 3312 233 3362; x_wconf 89' lang='lat' dir='ltr'><strong>ter</strong></span> <span class='ocrx_word' id='word_1_331' title='bbox 250 3321 286 3362; x_wconf 84' lang='lat' dir='ltr'><strong>ex</strong></span> <span class='ocrx_word' id='word_1_332' title='bbox 298 3305 460 3361; x_wconf 83' lang='lat' dir='ltr'><strong>voluntate.</strong></span> <span class='ocrx_word' id='word_1_333' title='bbox 487 3298 551 3361; x_wconf 87' lang='grc' dir='ltr'><strong>ιι5.</strong></span> <span class='ocrx_word' id='word_1_334' title='bbox 567 3302 672 3371; x_wconf 77' lang='lat' dir='ltr'><strong>vultu,</strong></span> <span class='ocrx_word' id='word_1_335' title='bbox 694 3302 792 3357; x_wconf 90' lang='lat' dir='ltr'><strong>colore</strong></span> <span class='ocrx_word' id='word_1_336' title='bbox 811 3309 898 3376; x_wconf 90' lang='lat' dir='ltr'><strong>motu</strong></span> <span class='ocrx_word' id='word_1_337' title='bbox 916 3297 1048 3377; x_wconf 83' lang='lat' dir='ltr'><strong>corporis</strong></span> <span class='ocrx_word' id='word_1_338' title='bbox 1066 3328 1086 3343; x_wconf 92' lang='lat'>-</span> <span class='ocrx_word' id='word_1_339' title='bbox 1104 3306 1134 3355; x_wconf 88' lang='lat' dir='ltr'><strong>et</strong></span> <span class='ocrx_word' id='word_1_340' title='bbox 1159 3296 1273 3356; x_wconf 89' lang='lat' dir='ltr'><strong>scilicet</strong></span> <span class='ocrx_word' id='word_1_341' title='bbox 1291 3296 1350 3355; x_wconf 88' lang='lat' dir='ltr'><strong>orie</strong></span> <span class='ocrx_word' id='word_1_342' title='bbox 1371 3297 1581 3357; x_wconf 86' lang='lat' dir='ltr'><strong>immutatione</strong></span> 
     </span>
     <span class='ocr_line' id='line_1_30' title="bbox 186 3394 838 3479; baseline -0.012 -20"><span class='ocrx_word' id='word_1_343' title='bbox 186 3407 304 3459; x_wconf 84' lang='lat' dir='ltr'><strong>tacente</strong></span> <span class='ocrx_word' id='word_1_344' title='bbox 318 3399 384 3479; x_wconf 89' lang='lat' dir='ltr'><strong>ipso</strong></span> <span class='ocrx_word' id='word_1_345' title='bbox 395 3400 513 3456; x_wconf 86' lang='lat' dir='ltr'><strong>occulta</strong></span> <span class='ocrx_word' id='word_1_346' title='bbox 536 3394 633 3455; x_wconf 89' lang='lat' dir='ltr'><strong>cordis</strong></span> <span class='ocrx_word' id='word_1_347' title='bbox 647 3396 838 3475; x_wconf 41' lang='lat' dir='ltr'><strong>patefecisse.-</strong></span> 
     </span>
    </p>
   </div>
   <div class='ocr_carea' id='block_1_8' title="bbox 293 3577 1584 3677">
    <p class='ocr_par' dir='ltr' id='par_1_8' title="bbox 293 3577 1584 3677">
     <span class='ocr_line' id='line_1_31' title="bbox 293 3577 1584 3677; baseline -0.002 -22"><span class='ocrx_word' id='word_1_348' title='bbox 293 3583 381 3656; x_wconf 74' lang='lat' dir='ltr'><strong>cod.</strong></span> <span class='ocrx_word' id='word_1_349' title='bbox 398 3582 490 3655; x_wconf 90' lang='lat' dir='ltr'><strong>XII.</strong></span> <span class='ocrx_word' id='word_1_350' title='bbox 525 3578 587 3677; x_wconf 78' lang='lat' dir='ltr'><strong>(G</strong></span> <span class='ocrx_word' id='word_1_351' title='bbox 610 3580 691 3677; x_wconf 79' lang='grc'><strong>59.)</strong></span> <span class='ocrx_word' id='word_1_352' title='bbox 729 3577 956 3654; x_wconf 86' lang='lat' dir='ltr'><strong>Chartaceus</strong></span> <span class='ocrx_word' id='word_1_353' title='bbox 983 3578 1069 3652; x_wconf 86' lang='lat' dir='ltr'><strong>Saec.</strong></span> <span class='ocrx_word' id='word_1_354' title='bbox 1087 3606 1144 3653; x_wconf 85' lang='lat' dir='ltr'><strong>xv.</strong></span> <span class='ocrx_word' id='word_1_355' title='bbox 1170 3577 1301 3655; x_wconf 90' lang='lat' dir='ltr'><strong>Solum</strong></span> <span class='ocrx_word' id='word_1_356' title='bbox 1319 3579 1490 3655; x_wconf 87' lang='lat' dir='ltr'><strong>continet</strong></span> <span class='ocrx_word' id='word_1_357' title='bbox 1513 3580 1584 3653; x_wconf 88' lang='lat' dir='ltr'><strong>Ca-</strong></span> 
     </span>
    </p>
   </div>
   <div class='ocr_carea' id='block_1_9' title="bbox 191 3692 1585 3916">
    <p class='ocr_par' dir='ltr' id='par_1_9' title="bbox 191 3692 1585 3916">
     <span class='ocr_line' id='line_1_32' title="bbox 191 3692 1585 3799; baseline -0.001 -28"><span class='ocrx_word' id='word_1_358' title='bbox 191 3696 352 3772; x_wconf 85' lang='lat' dir='ltr'><strong>tilinam.</strong></span> <span class='ocrx_word' id='word_1_359' title='bbox 404 3700 543 3769; x_wconf 89' lang='lat' dir='ltr'><strong>Insunt</strong></span> <span class='ocrx_word' id='word_1_360' title='bbox 570 3694 702 3777; x_wconf 80' lang='lat' dir='ltr'><strong>multae</strong></span> <span class='ocrx_word' id='word_1_361' title='bbox 730 3694 858 3799; x_wconf 83' lang='lat' dir='ltr'><strong>glossae</strong></span> <span class='ocrx_word' id='word_1_362' title='bbox 879 3698 917 3769; x_wconf 73' lang='lat' dir='ltr'><strong>et</strong></span> <span class='ocrx_word' id='word_1_363' title='bbox 937 3719 1063 3798; x_wconf 84' lang='lat' dir='ltr'><strong>pravae</strong></span> <span class='ocrx_word' id='word_1_364' title='bbox 1088 3692 1288 3791; x_wconf 83' lang='lat' dir='ltr'><strong>lectiones;</strong></span> <span class='ocrx_word' id='word_1_365' title='bbox 1311 3695 1446 3799; x_wconf 83' lang='lat' dir='ltr'><strong>saepius</strong></span> <span class='ocrx_word' id='word_1_366' title='bbox 1470 3692 1585 3771; x_wconf 86' lang='lat' dir='ltr'><strong>verba</strong></span> 
     </span>
     <span class='ocr_line' id='line_1_33' title="bbox 192 3810 534 3916; baseline -0.012 -29"><span class='ocrx_word' id='word_1_367' title='bbox 192 3810 419 3916; x_wconf 86' lang='lat' dir='ltr'><strong>transposita</strong></span> <span class='ocrx_word' id='word_1_368' title='bbox 434 3827 534 3884; x_wconf 79' lang='lat' dir='ltr'><strong>sunt.</strong></span> 
     </span>
    </p>
   </div>
   <div class='ocr_carea' id='block_1_10' title="bbox 193 3946 1590 4415">
    <p class='ocr_par' dir='ltr' id='par_1_10' title="bbox 193 3946 1590 4322">
     <span class='ocr_line' id='line_1_34' title="bbox 275 3946 1587 4031; baseline -0.006 -20"><span class='ocrx_word' id='word_1_369' title='bbox 275 3951 392 4031; x_wconf 78' lang='lat' dir='ltr'><strong>Gapd.</strong></span> <span class='ocrx_word' id='word_1_370' title='bbox 411 3948 492 4008; x_wconf 87' lang='lat' dir='ltr'><strong>baud</strong></span> <span class='ocrx_word' id='word_1_371' title='bbox 507 3947 679 4008; x_wconf 79' lang='lat' dir='ltr'><strong>absurdum</strong></span> <span class='ocrx_word' id='word_1_372' title='bbox 699 3948 753 4008; x_wconf 80' lang='lat' dir='ltr'><strong>Vel</strong></span> <span class='ocrx_word' id='word_1_373' title='bbox 768 3982 792 3995; x_wconf 85' lang='lat'><strong>·</strong></span> <span class='ocrx_word' id='word_1_374' title='bbox 811 3969 1001 4030; x_wconf 83' lang='lat' dir='ltr'><strong>nequaquam</strong></span> <span class='ocrx_word' id='word_1_375' title='bbox 1019 3969 1083 4031; x_wconf 87' lang='lat' dir='ltr'><strong>par.</strong></span> <span class='ocrx_word' id='word_1_376' title='bbox 1113 3947 1141 4019; x_wconf 91' lang='grc'><strong>4.</strong></span> <span class='ocrx_word' id='word_1_377' title='bbox 1157 3947 1208 4007; x_wconf 89' lang='lat' dir='ltr'><strong>sed</strong></span> <span class='ocrx_word' id='word_1_378' title='bbox 1226 3969 1243 4007; x_wconf 91' lang='lat' dir='ltr'><strong>a</strong></span> <span class='ocrx_word' id='word_1_379' title='bbox 1259 3969 1320 4029; x_wconf 90' lang='lat' dir='ltr'><strong>quo</strong></span> <span class='ocrx_word' id='word_1_380' title='bbox 1335 3950 1456 4027; x_wconf 90' lang='lat' dir='ltr'><strong>incepto</strong></span> <span class='ocrx_word' id='word_1_381' title='bbox 1473 3965 1530 4003; x_wconf 93' lang='lat' dir='ltr'><strong>me.</strong></span> <span class='ocrx_word' id='word_1_382' title='bbox 1558 3946 1587 4005; x_wconf 80' lang='lat'><strong>6.</strong></span> 
     </span>
     <span class='ocr_line' id='line_1_35' title="bbox 193 4041 1590 4128; baseline -0.008 -19"><span class='ocrx_word' id='word_1_383' title='bbox 193 4049 265 4109; x_wconf 79' lang='lat' dir='ltr'><strong>satie</strong></span> <span class='ocrx_word' id='word_1_384' title='bbox 292 4052 418 4127; x_wconf 85' lang='lat' dir='ltr'><strong>pollens.</strong></span> <span class='ocrx_word' id='word_1_385' title='bbox 441 4068 469 4128; x_wconf 88' lang='grc'><strong>7.</strong></span> <span class='ocrx_word' id='word_1_386' title='bbox 493 4066 523 4104; x_wconf 88' lang='lat' dir='ltr'><strong>se</strong></span> <span class='ocrx_word' id='word_1_387' title='bbox 548 4048 673 4125; x_wconf 89' lang='lat' dir='ltr'><strong>quisque</strong></span> <span class='ocrx_word' id='word_1_388' title='bbox 698 4048 854 4121; x_wconf 83' lang='lat' dir='ltr'><strong>extollere,</strong></span> <span class='ocrx_word' id='word_1_389' title='bbox 885 4047 1038 4127; x_wconf 82' lang='lat' dir='ltr'><strong>magisque</strong></span> <span class='ocrx_word' id='word_1_390' title='bbox 1057 4078 1077 4094; x_wconf 91' lang='lat'><em>·</em></span> <span class='ocrx_word' id='word_1_391' title='bbox 1095 4046 1138 4104; x_wconf 91' lang='lat' dir='ltr'><strong>sic</strong></span> <span class='ocrx_word' id='word_1_392' title='bbox 1153 4045 1288 4124; x_wconf 65' lang='lat' dir='ltr'><strong>quisque*</strong></span> <span class='ocrx_word' id='word_1_393' title='bbox 1302 4041 1428 4104; x_wconf 82' lang='lat' dir='ltr'><strong>bostem.</strong></span> <span class='ocrx_word' id='word_1_394' title='bbox 1449 4065 1477 4122; x_wconf 89' lang='lat'><strong>9.</strong></span> <span class='ocrx_word' id='word_1_395' title='bbox 1498 4044 1590 4124; x_wconf 73' lang='lat' dir='ltr'><strong>magis</strong></span> 
     </span>
     <span class='ocr_line' id='line_1_36' title="bbox 195 4140 1589 4225; baseline -0.004 -22"><span class='ocrx_word' id='word_1_396' title='bbox 195 4162 287 4225; x_wconf 83' lang='lat' dir='ltr'><strong>quem</strong></span> <span class='ocrx_word' id='word_1_397' title='bbox 305 4144 420 4225; x_wconf 80' lang='lat' dir='ltr'><strong>legibus</strong></span> <span class='ocrx_word' id='word_1_398' title='bbox 439 4154 546 4203; x_wconf 84' lang='lat' dir='ltr'><strong>natura</strong></span> <span class='ocrx_word' id='word_1_399' title='bbox 561 4142 633 4219; x_wconf 45' lang='lat' dir='ltr'><strong>gin</strong></span> <span class='ocrx_word' id='word_1_400' title='bbox 656 4143 759 4201; x_wconf 86' lang='lat' dir='ltr'><strong>amicis</strong></span> <span class='ocrx_word' id='word_1_401' title='bbox 776 4140 887 4201; x_wconf 81' lang='lat' dir='ltr'><strong>fideles.</strong></span> <span class='ocrx_word' id='word_1_402' title='bbox 912 4161 957 4201; x_wconf 90' lang='grc' dir='ltr'><strong>ιο.</strong></span> <span class='ocrx_word' id='word_1_403' title='bbox 970 4142 1064 4203; x_wconf 86' lang='lat' dir='ltr'><strong>bonas</strong></span> <span class='ocrx_word' id='word_1_404' title='bbox 1081 4152 1166 4200; x_wconf 87' lang='lat' dir='ltr'><strong>artes.</strong></span> <span class='ocrx_word' id='word_1_405' title='bbox 1190 4160 1235 4199; x_wconf 81' lang='grc' dir='ltr'><strong>ιι.</strong></span> <span class='ocrx_word' id='word_1_406' title='bbox 1251 4151 1341 4219; x_wconf 82' lang='lat' dir='ltr'><strong>atque</strong></span> <span class='ocrx_word' id='word_1_407' title='bbox 1353 4140 1519 4201; x_wconf 87' lang='lat' dir='ltr'><strong>moderatis.</strong></span> <span class='ocrx_word' id='word_1_408' title='bbox 1544 4150 1589 4211; x_wconf 81' lang='grc' dir='ltr'><strong>ι4.</strong></span> 
     </span>
     <span class='ocr_line' id='line_1_37' title="bbox 200 4235 1590 4322; baseline -0.005 -22"><span class='ocrx_word' id='word_1_409' title='bbox 200 4241 255 4322; x_wconf 86' lang='lat' dir='ltr'><strong>qui</strong></span> <span class='ocrx_word' id='word_1_410' title='bbox 271 4242 403 4301; x_wconf 83' lang='lat' dir='ltr'><strong>alienum</strong></span> <span class='ocrx_word' id='word_1_411' title='bbox 416 4261 452 4301; x_wconf 74' lang='lat' dir='ltr'><strong>us</strong></span> <span class='ocrx_word' id='word_1_412' title='bbox 466 4237 585 4322; x_wconf 79' lang='lat' dir='ltr'><strong>grande.</strong></span> <span class='ocrx_word' id='word_1_413' title='bbox 609 4258 656 4319; x_wconf 87' lang='lat'><strong>¹7·</strong></span> <span class='ocrx_word' id='word_1_414' title='bbox 669 4236 886 4303; x_wconf 88' lang='lat' dir='ltr'><strong>dominobilce.</strong></span> <span class='ocrx_word' id='word_1_415' title='bbox 905 4238 1049 4299; x_wconf 74' lang='lat' dir='ltr'><strong>Preterea.</strong></span> <span class='ocrx_word' id='word_1_416' title='bbox 1074 4240 1118 4299; x_wconf 91' lang='grc' dir='ltr'><strong>ι8.</strong></span> <span class='ocrx_word' id='word_1_417' title='bbox 1130 4238 1298 4317; x_wconf 81' lang='lat' dir='ltr'><strong>nequiverit</strong></span> <span class='ocrx_word' id='word_1_418' title='bbox 1307 4269 1326 4285; x_wconf 95' lang='lat'>-</span> <span class='ocrx_word' id='word_1_419' title='bbox 1338 4248 1401 4297; x_wconf 89' lang='lat' dir='ltr'><strong>tum</strong></span> <span class='ocrx_word' id='word_1_420' title='bbox 1420 4235 1590 4316; x_wconf 86' lang='lat' dir='ltr'><strong>pessimum.</strong></span> 
     </span>
    </p>

    <p class='ocr_par' dir='ltr' id='par_1_11' title="bbox 1095 4362 1120 4415">
     <span class='ocr_line' id='line_1_38' title="bbox 1095 4362 1120 4415; baseline 0 -14"><span class='ocrx_word' id='word_1_421' title='bbox 1095 4362 1120 4415; x_wconf 59' lang='lat' dir='ltr'><strong>age</strong></span> 
     </span>
    </p>
   </div>
   <div class='ocr_carea' id='block_1_11' title="bbox 0 0 1959 4867">
    <p class='ocr_par' dir='ltr' id='par_1_12' title="bbox 0 0 1959 4867">
     <span class='ocr_line' id='line_1_39' title="bbox 0 0 1959 4867; baseline 0 0"><span class='ocrx_word' id='word_1_422' title='bbox 0 0 1959 4867; x_wconf 95' lang='lat' dir='ltr'><strong> </strong></span> 
     </span>
    </p>
   </div>
  </div>
 </body>
</html>
