3850 4867
368 160 395 250 t

368 356 417 417 26.
433 378 505 441 quas
528 362 642 423 consuli
657 363 772 429 lecerat.
815 362 863 427 35.
883 364 1125 432 2222212112212.
1165 362 1387 449 4721221122122
1406 384 1425 423 a
1444 360 1767 445 22241222124222-

364 454 509 522 ercebant.
533 460 581 519 51.
601 461 739 521 2111221122
759 463 808 522 lic.
831 473 873 523 est
891 496 911 511 ·
929 465 1030 525 2222122
1049 464 1106 523 1211
1124 496 1144 513 ·
1161 464 1195 524 122
1214 466 1279 525 2211.
1302 483 1396 543 perm.
1413 462 1524 540 jubent.
1547 463 1595 533 54.
1615 460 1710 522 benel.
1730 484 1767 523 ac

364 558 472 617 munis.
495 558 543 615 55.
565 554 617 616 ubi
636 560 790 639 paululum
806 559 981 627 ascenderis.
1003 563 1051 622 58.
1071 562 1096 621 21
1110 573 1200 622 metu.
1224 563 1275 645 59.
1294 573 1323 621 et
1343 560 1380 621 ab
1399 560 1497 620 dextra
1514 580 1588 641 rupe
1605 580 1713 641 aspera.

442 702 513 783 Jug.
530 700 558 774 4.
583 704 634 785 qui
655 715 722 765 sust.
738 727 780 765 22.
804 730 832 789 7.
847 700 931 769 facile
943 730 1115 771 occasurum
1136 711 1220 790 (eum
1236 732 1277 775 m.
1291 730 1347 770 sec.
1362 707 1506 783 addidit).
1527 727 1557 787 9.
1575 705 1646 767 item
1665 704 1768 767 ather·

361 797 437 859 bale.
461 801 531 879 (que
554 788 711 879 deletum).
737 824 782 871 22.
809 809 909 886 paucis
929 807 1032 868 diebus
1053 808 1196 888 (spatium
1223 827 1349 869 vacuum
1372 806 1448 864 12122
1472 805 1543 863 duas
1569 806 1768 865 2222222112-

361 896 441 974 tum)
467 900 602 971 24.22211
623 900 780 961 accidisset.
804 905 901 985 27.12
922 915 1036 985 partem
1056 906 1169 963 tertiam
1183 904 1324 963 -arboris
1338 901 1525 967 infecundus.
1542 922 1590 967 22.
1603 902 1766 963 (1122222222.

361 992 410 1053 23.
427 992 465 1051 ad
479 996 544 1059 virt.
563 998 681 1079 erigere.
705 1011 752 1070 24.
772 1020 806 1059 cx
819 1000 930 1059 manib.
960 1003 1009 1060 25.
1029 1010 1071 1059 set
1085 1000 1123 1059 ab
1142 1000 1212 1059 eisd.
1232 1002 1299 1063 illis.
1332 1000 1381 1065 25.
1403 1001 1434 1057 in
1454 1009 1556 1058 senatu
1568 1010 1684 1079 potens.
1714 998 1765 1060 32.

359 1088 472 1151 Cassius
484 1096 549 1173 ppl.
569 1114 593 1153 r.
612 1100 686 1176 perl.
699 1117 761 1179 rog.
784 1095 876 1177 (binc
891 1118 1007 1159 22222222
1022 1098 1125 1156 erroris
1137 1099 1282 1179 intelligas
1288 1119 1297 1169 ;
1319 1097 1450 1177 primum
1469 1098 1524 1156 luit
1540 1098 1683 1178 scriptum
1699 1119 1729 1178 p.
1740 1118 1765 1157 r.

355 1188 388 1249 id
406 1191 458 1251 alii
474 1192 534 1250 alio
552 1193 644 1252 modo
659 1195 841 1275 interpretati
859 1206 945 1269 sunt3
967 1194 1038 1254 inde
1060 1196 1170 1254 lactum
1184 1204 1238 1271 est,
1255 1204 1290 1253 ut
1305 1193 1376 1253 duas
1391 1192 1596 1273 explicationes
1611 1194 1644 1253 in
1656 1204 1764 1254 textum

356 1288 545 1369 reciperent).
568 1290 617 1351 33.
632 1313 753 1375 suasque
768 1313 848 1374 opes.
868 1292 920 1364 34.
937 1292 1073 1351 discessit.
1094 1291 1144 1351 38.
1157 1290 1246 1355 Ν222.
1261 1290 1422 1355 decederet.
1439 1291 1496 1368 (22.
1508 1290 1564 1371 pr.)
1587 1291 1636 1372 39.
1651 1294 1766 1351 enimus

354 1384 483 1451 ardebat.
507 1387 556 1459 43.
571 1408 638 1449 aux.
654 1392 776 1450 mittere.
805 1390 885 1463 442
902 1391 1004 1470 spurio
1023 1388 1133 1448 Albino
1157 1409 1271 1469 procos.
1300 1386 1445 1460 47.122212.
1468 1389 1516 1468 49.
1533 1390 1577 1447 211
1596 1388 1763 1469 prudentes.

356 1484 404 1554 54.
418 1484 492 1565 22412
505 1486 592 1544 etiam
613 1496 687 1548 tum.
712 1488 759 1547 55.
773 1508 833 1568 quo
849 1488 955 1547 clarior
973 1498 1044 1547 erat.
1067 1487 1116 1545 62.
1129 1489 1284 1566 paululum
1302 1485 1403 1549 modo.
1426 1486 1474 1545 62.
1491 1488 1547 1545 1211
1563 1497 1662 1565 oport.
1673 1520 1692 1533 -
1711 1486 1765 1546 12·

355 1586 414 1664 4211
431 1580 583 1665 Jugurshae
598 1587 741 1667 imperata
760 1586 905 1645 facturum
922 1587 973 1666 qui
987 1585 1142 1644 dicerent·
1163 1585 1295 1643 accersiri
1312 1584 1402 1661 jubet.
1424 1582 1474 1642 83.
1491 1585 1535 1645 2·12
1549 1594 1686 1663 appetere
1702 1604 1763 1643 non

352 1678 496 1756 audebat,
517 1702 597 1749 nom.
619 1684 668 1755 64.
683 1684 707 1741 si
726 1682 798 1742 dim.
817 1704 884 1763 pars
901 1704 943 1743 22.
964 1704 1058 1763 perus.
1077 1680 1142 1741 sibi.
1169 1682 1218 1762 67.
1234 1680 1410 1741 obtruncati.
1441 1682 1490 1761 69.
1511 1703 1545 1739 ex
1562 1684 1693 1741 collatio.
1715 1702 1763 1762 72.
1878 1693 1879 1724 l

355 1778 484 1852 audivit,
506 1800 540 1841 ex
556 1792 686 1841 consuet.
720 1780 767 1861 73.
789 1781 908 1856 2122221,
933 1781 1025 1840 222212
1045 1780 1164 1840 invidiae
1182 1800 1249 1838 esse.
1281 1780 1437 1860 74121212
1459 1781 1656 1859 (postremam
1676 1783 1764 1861 sylla-

353 1874 421 1934 bam
437 1898 514 1937 2222.
535 1898 590 1943 sec.
605 1878 739 1957 delevit.)
763 1878 812 1959 75.
834 1878 957 1937 Thalam
975 1878 1117 1959 persenit.
1139 1877 1174 1937 ld
1189 1876 1294 1957 oppid.
1313 1909 1330 1924 -
1351 1875 1451 1957 ibique
1465 1878 1607 1957 plerique.
1630 1898 1678 1958 77.
1689 1898 1764 1960 gna·
1878 1929 1879 1950 ,

351 1974 424 2035 riter
436 1976 573 2040 12222221.
596 1978 643 2058 78.
665 1980 741 2058 leges
758 1979 924 2057 cultusque.
954 1976 1003 2034 82.
1026 1977 1090 2056 quis
1104 2008 1123 2021 -
1141 1985 1209 2033 sunt
1234 1974 1293 2053 (22.
1313 1994 1369 2033 222.
1392 1975 1424 2031 12
1448 1972 1494 2032 1212
1520 1972 1636 2032 duobus
1658 1977 1764 2055 capiti-
1878 2037 1879 2048 ¹

351 2070 406 2131 bns
422 2073 545 2153 plurimi
560 2071 648 2132 codd.
669 2074 731 2151 quis
747 2072 901 2150 retinent).
924 2074 973 2133 85.
995 2074 1117 2151 posteris
1137 2076 1240 2132 lumen
1259 2082 1300 2130 est
1321 2070 1422 2149 (quasi
1437 2092 1477 2128 22.
1497 2090 1553 2129 222.
1568 2070 1763 2151 adscripsit)·
1878 2123 1879 2132 ,

353 2188 442 2249 quam
461 2170 645 2243 divitiarum,
669 2190 760 2229 22222.
792 2171 841 2230 86.
864 2171 926 2229 21112
944 2169 1066 2229 utilibus
1100 2172 1165 2252 (que
1191 2192 1232 2233 22.
1257 2188 1313 2231 sec.
1338 2168 1762 2247 22112211).93.2111112111212-
1878 2199 1879 2202 ¹

355 2266 457 2327 ciundi
477 2268 610 2327 animum
634 2268 721 2327 222111
739 2300 757 2315 ·
776 2270 933 2347 paululum
954 2267 1045 2326 modo
1077 2300 1095 2315 -
1123 2266 1227 2327 eodem
1249 2265 1411 2348 regreditur
1431 2299 1449 2312 -
1470 2287 1528 2346 qua
1546 2266 1607 2346 ipse
1624 2266 1762 2326 ascende·

351 2375 405 2423 rat.
434 2386 484 2445 97.
501 2366 616 2444 occepit
639 2364 765 2424 dubium
785 2397 803 2410 -
825 2363 1023 2424 difficiliorem
1045 2384 1110 2424 2222.
1147 2384 1214 2425 222.
1236 2375 1264 2424 21
1285 2365 1318 2423 12
1334 2366 1483 2443 perculsos
1505 2364 1598 2423 acrius
1618 2363 1760 2424 incedere.

358 2480 424 2524 222.
440 2461 520 2521 unde
532 2460 708 2545 Jugurtham
725 2463 882 2540 expulerat.
909 2481 976 2541 ¹⁰7·
994 2482 1067 2540 saepe
1082 2470 1149 2520 2212
1165 2464 1266 2543 paucis
1279 2495 1298 2509 ·
1318 2463 1466 2540 optimum
1481 2462 1600 2521 1221222.
1626 2481 1692 2521 222.
1710 2460 1761 2521 212-

353 2557 462 2617 berem.
475 2559 598 2621 Herctde
615 2562 678 2619 silla
699 2592 718 2605 ·
737 2557 927 2641 11241ῑί22222.
948 2555 1095 2617 Ceterum.
1121 2579 1188 2618 222.
1203 2560 1312 2619 1221122
1330 2567 1358 2616 21
1376 2577 1419 2622 ex.
1445 2578 1510 2617 222.
1524 2568 1553 2619 21
1572 2560 1599 2619 ei
1618 2559 1760 2618 nuntiat·

352 2659 383 2717 in
404 2666 579 2737 potestatem
602 2656 757 2717 habuisset.

458 2819 546 2895 cod.
562 2820 616 2894 II.
642 2817 716 2916 (G.
735 2823 819 2915 22.)
856 2820 1067 2896 Membran.
1092 2823 1178 2897 Saec.
1193 2848 1264 2895 xm.
1302 2821 1375 2896 Sed
1398 2818 1567 2895 21122112
1593 2834 1762 2924 tempore

354 2934 503 3040 scripta.
542 2938 639 3011 Nam
660 2962 748 3039 pars
767 2935 968 3040 Jugnrtbae
994 2964 1073 3041 cap.
1090 2940 1133 3011 61
1148 2984 1200 2998 —
1214 2961 1294 3013 101.
1319 2939 1492 3012 Saec.x1v.
1518 2952 1558 3011 et
1577 2964 1657 3043 cap.
1681 2962 1758 3013 222.

357 3078 478 3156 usque
499 3052 685 3129 adfinem
705 3053 915 3128 recentiore
931 3053 1048 3127 etiam
1068 3079 1189 3127 manu
1207 3070 1359 3128 exarata
1380 3080 1454 3128 esse
1470 3053 1668 3144 videntur,
1684 3061 1760 3130 222-

358 3187 394 3245 12
415 3170 572 3276 proprio
595 3169 709 3244 titulo
735 3168 1036 3273 distinguuntur.
1072 3171 1169 3245 Nam
1193 3171 1273 3246 2221.
1291 3172 1495 3276 inscriptus
1518 3186 1590 3244 est:
1614 3171 1761 3247 Salustii

359 3287 577 3361 cattinaria
599 3307 633 3363 et
659 3286 791 3362 bellum
813 3290 1095 3388 Jugurtbinum,
1118 3290 1351 3364 [2221181112ο
1377 3290 1428 3362 ad
1451 3290 1618 3361 Bochum
1641 3314 1758 3390 regem

358 3409 476 3478 oratio
507 3430 588 3478 2222
618 3405 777 3506 ejusdem
807 3409 1048 3503 responsione.
1098 3404 1276 3479 Codicem
1305 3404 1474 3479 Venetiis
1506 3418 1652 3478 emtum
1677 3428 1758 3494 esse,

359 3519 536 3623 Olgiatus
555 3518 702 3623 primus
719 3519 979 3595 Ambrosianae
1004 3518 1246 3595 bibliothecae
1270 3521 1466 3624 praesectus
1485 3519 1757 3597 animadvertit.

357 3638 456 3713 Ante
478 3636 625 3712 bellum
645 3635 926 3742 Jugurthinum
948 3635 1078 3709 tabula
1104 3635 1353 3742 geographica
1380 3636 1582 3712 delineata.

457 3777 515 3851 Ab
538 3777 648 3853 initio
665 3778 788 3854 multa
805 3776 938 3853 omissa
956 3792 996 3851 ct
1015 3776 1056 3851 in
1075 3777 1248 3882 22224122
1269 3776 1480 3882 adscripta,
1494 3776 1630 3882 saepius
1642 3774 1757 3852 etiam

441 4034 466 4077 c.
482 4010 531 4093 37.
553 4010 605 4071 ubi
625 4032 726 4071 omnes
747 4012 804 4070 lere
825 4011 892 4070 libri
909 4030 1037 4092 preceps
1061 4018 1125 4069 erat
1146 4005 1303 4082 exhibent,
1323 4014 1383 4087 jam
1404 4007 1566 4089 antiquitus
1585 4026 1642 4068 csse
1662 4013 1756 4066 muta·

442 4121 504 4171 tum
526 4108 639 4186 abiis,
661 4109 711 4191 qui
728 4108 908 4189 precipitem
928 4107 971 4169 ire
989 4106 1071 4169 haud
1092 4104 1249 4167 commode
1269 4104 1329 4168 dici
1348 4124 1431 4189 posse
1451 4114 1610 4169 2222222221.
