3850 4867
1500 334 1579 385 'XXV

176 516 272 585 scre,
310 503 479 601 accingit,
512 498 768 597 calphurnius,
794 501 1090 599 sagistas-iorum,
1115 492 1382 580 incolt-oranda,
1408 493 1577 593 opidum,

176 623 411 697 acciones-ea
438 614 656 697 Basticensis
676 622 746 697 IV.
780 621 938 696 Membr.
951 620 1081 694 'forma
1106 618 1296 721 quadrata
1319 619 1470 694 mamre.
1520 619 1579 691 Ex

174 744 410 821 Bibliotheca
436 745 707 819 d'Annoncsna
726 743 1034 818 maraliscam
1053 743 1233 846 pervenit
1267 742 1518 819 Nitidissimus
1536 757 1580 818 :et

134 836 140 865 ⁸
175 856 479 973 elegantissimus
497 858 596 943 liber
618 868 824 970 scriptura,
848 892 966 969 quam
993 867 1206 941 Romanam
1226 866 1379 959 dicunt,
1406 881 1579 942 exaratus
1710 846 1713 849 ⁴

178 1010 241 1073 ost
277 996 373 1068 Tam
401 982 557 1096 insignis
587 991 666 1066 eius
692 988 892 1094 splendor,
920 988 1037 1086 (nam
1056 989 1232 1092 picturis,
1254 990 1511 1085 emblematis,
1534 989 1581 1064 li*

177 1100 299 1194 neolis
317 1100 456 1204 aurcis,
478 1108 612 1189 litteris
632 1108 758 1187 rubris
773 1128 810 1187 et
832 1138 917 1216 quae
931 1106 1008 1187 alia
1027 1112 1248 1189 huiusmodi
1266 1130 1357 1189 sunt
1377 1140 1581 1189 ornamen-

174 1245 237 1331 ta,
257 1224 360 1316 varie
376 1224 531 1313 ornatus
550 1238 628 1335 est)
654 1252 700 1310 ut
718 1263 806 1311 eum
827 1236 969 1310 elibris
984 1236 1236 1328 Budensibus,
1252 1264 1330 1313 aevo
1349 1238 1505 1341 quidem
1523 1264 1580 1313 re·

178 1348 348 1441 cautiore
365 1363 429 1437 sed
450 1361 719 1465 elegantissime
733 1360 894 1467 scriptis,
907 1385 986 1435 esse
998 1360 1209 1463 suspicatus
1223 1362 1309 1437 sim.
1343 1361 1578 1465 Compendia

176 1490 376 1593 scripturis
399 1476 521 1590 pauca
552 1484 815 1559 et'intcllectu
837 1482 1021 1558 facillima
1039 1509 1050 1574 ;
1084 1483 1209 1586 glossis
1230 1484 1388 1587 quidem
1407 1513 1489 1561 non
1517 1512 1580 1560 ca-

177 1630 250 1704 ret,
267 1629 304 1685 et
324 1610 373 1686 ab
392 1606 505 1684 initio
518 1600 701 1682 'librarius
719 1608 799 1682 'non
819 1608 907 1682 satis
928 1606 1088 1711 diligens
1107 1607 1219 1683 luisse
1234 1609 1401 1703 videtur,
1423 1609 1490 1684 scd
1506 1610 1578 1684 sub

178 1736 296 1813 finem
313 1718 511 1837 saepissime
528 1731 688 1834 optimas
709 1730 886 1805 lectiones
903 1728 1066 1819 exhibet,
1089 1731 1145 1805 ita
1161 1748 1207 1805 ut
1222 1730 1330 1807 hunc
1349 1732 1495 1807 librum
1519 1759 1580 1809 ac·

182 1859 351 1937 curatius
360 1854 569 1945 ‚excussisse
582 1866 720 1953 magno
740 1851 938 1927 mihi·usui
951 1851 1075 1927 fuerit.
1097 1856 1157 1928 Ita
1175 1854 1379 1959 inscriptus
1394 1856 1581 1932 esu-Cris·

173 1985 379 2084 pii-Salustii
392 1968 446 2055 ite
456 1982 714 2054 coniuratione
727 1977 898 2051 Catilinae
916 1976 1237 2076 incipitfoeliciter.
1262 1980 1313 2051 Et
1329 1979 1378 2052 ab
1396 1978 1507 2053 initio
1516 1982 1579 2054 lu·

176 2106 327 2213 gurthae
339 2090 353 2176 ¹:
381 2106 501 2203 Crispi
517 2100 667 2178 Salustii
685 2102 920 2213 ΡνοΙιεηιίαιηΙ
936 2100 984 2175 de
1005 2100 1101 2175 bello
1122 2104 1203 2205 lug.
1218 2090 1297 2177 iac.
1305 2102 1396 2204 foel.
1430 2105 1482 2177 In
1501 2100 1578 2177 fine

177 2232 261 2307 hoec
285 2218 485 2333 leguntur:
515 2244 520 2251 ·

193 2366 195 2372 “
293 2355 371 2430 San
389 2354 571 2455 Iugurtha
591 2353 670 2429 dies
684 2370 892 2452 percuntem
916 2376 1066 2460 caream
1089 2350 1224 2427 Ilomoe

271 2526 275 2531 -
294 2478 509 2577 Spectatum
515 2510 527 2567 ,-
551 2496 584 2551 te
606 2475 840 2574 dirafomes,
864 2478 1038 2550 scelerate
1049 2481 1218 2574 peranit3

299 2602 348 2677 Ut
362 2590 585 2676 Plutarchus
602 2606 674 2687 ait,
695 2604 779 2673 ocri
795 2599 1049 2673 celeberrimus
1066 2616 1203 2671 missor.

255 2723 343 2801 Cod.
361 2726 579 2799 Basileensis
590 2725 643 2796 II.
669 2721 730 2817 (F.
751 2724 814 2797 IV.
833 2724 887 2809 I.)
909 2719 1085 2796 Chartae„
1104 2719 1166 2795 fol.
1184 2721 1357 2795 inaximis
1371 2722 1578 2798 Catilinam

178 2834 360 2922 continet
390 2847 558 2921 :Litterae
576 2843 740 2919 initiales
762 2843 922 2947 picturis
945 2860 984 2919 et
1011 2842 1244 2917 emblematis
1266 2859 1428 2932 ormam,
1459 2848 1578 2949 scrip-

179 2988 267 3045 tura
298 2968 483 3059 Gothico,
508 2969 634 3073 glossae
659 2969 760 3042 inter
786 2966 903 3042 lineas
920 2982 958 3041 et
982 2967 1023 3041 in
1048 2966 1219 3070 margine
1247 2966 1445 3071 adscriptae
1468 2968 1577 3045 haud

162 3094 347 3170 'eiusdem
369 3093 533 3167 auctoris
551 3090 828 3169 esseu'identur.
864 3084 1046 3185 Quamvis
1061 3114 1139 3162 saec.
1157 3090 1257 3162 XIII.
1271 3088 1330 3165 vel
1343 3092 1442 3168 XIV.
1456 3093 1577 3196 scrip-

177 3234 259 3306 tus,
274 3215 599 3320 saepius·meliores
622 3214 817 3303 lectiones,
849 3214 1035 3316 imprimis
1057 3215 1134 3287 Bas
1151 3213 1266 3315 primi
1291 3229 1428 3289 tuetur.
1464 3216 1577 3290 Anti-

179 3340 295 3443 quior
309 3338 499 3414 scribendi
513 3338 610 3411 ratio
636 3338 677 3411 in
698 3338 828 3441 paucis
848 3362 1036 3439 expresss3
1055 3335 1201 3439 duplex
1217 3342 1233 3409 i
1250 3335 1425 3440 saepiusy
1441 3339 1576 3416 scribi·

177 3480 262 3535 tur:
288 3482 326 3537 ιε
349 3478 389 3535 et
410 3461 625 3535 comnibus
653 3460 730 3535 fere
762 3460 852 3533 locis
883 3475 1054 3547 mutata,
1088 3485 1109 3532 c
1144 3474 1182 3534 et
1206 3459 1299 3534 trix
1323 3459 1575 3557 discerneres3

177 3577 302 3660 multa
330 3610 485 3687 quoque
508 3583 704 3684 scripturae
724 3582 860 3656 menda
884 3581 1034 3670 insunt,
1056 3582 1258 3684 aliquoties
1278 3602 1456 3659 correcta
1488 3589 1573 3663 Bas

179 3709 258 3783 III.
282 3708 339 3803 (F.
354 3709 453 3781 VIII.
471 3706 574 3797 suita
593 3704 795 3807 inscriptus
814 3719 888 3779 est:
912 3705 1062 3779 Salustii
1073 3706 1168 3780 liber
1182 3713 1322 3805 primia
1339 3710 1574 3803 Catilinarum

176 3837 310 3930 sinunt
336 3827 506 3905 Chartac
527 3828 648 3902 forma
669 3826 874 3929 quadrata,
898 3852 921 3900 a
941 3826 1131 3903 monacho
1152 3829 1372 3931 aliquasaec
1387 3834 1487 3908 xlv,
1506 3860 1574 3910 seu

176 3956 259 4031 XV.
281 3968 473 4041 exaratus,
506 3967 563 4027 tot
588 3951 785 4053 scripturae
806 3949 1039 4053 compendiis
1062 3968 1111 4026 :ut
1128 3953 1243 4028 verba
1267 3980 1348 4029 non
1375 3971 1454 4029 tam
1482 3984 1573 4032 ocu·

173 4078 226 4153 lis
246 4076 537 4182 dignoscantur,
559 4100 678 4179 quam
698 4074 915 4149 coniectura
932 4074 1170 4177 assequenda
1187 4076 1279 4150 sint
1314 4078 1445 4174 Quare
1462 4078 1572 4157 hunc

1115 4226 1149 4312 l(
