3850 4867
1458 347 1529 442 245

125 540 255 621 neque
272 522 429 604 decretis
448 528 563 607 labos:
599 530 712 607 Malae
730 530 982 635 secundaeque
1001 556 1079 622 res,
1100 556 1208 636 opes,
1228 513 1309 604 'non
1330 526 1529 633 ingenium

125 641 228 718 mihi
248 652 459 727 mutabant.
501 658 550 729 At
572 672 705 731 contra
730 655 771 731 in
796 656 856 732 his
876 656 1036 731 miseriis
1057 672 1195 730 cuncta
1216 680 1277 727 me
1297 679 1387 730 cum
1407 636 1530 727 sortu-

122 788 178 840 na
203 768 402 871 deseruere.
428 780 608 855 Praetcrea
633 795 827 870 senectus,
849 806 976 883 perse
998 781 1141 883 gravis,
1166 804 1298 852 curam
1330 775 1530 879 duplicate

122 890 191 964 cui
210 894 360 988 misere,
384 918 531 977 senecta
557 901 635 977 iam
653 918 781 991 aetate,
800 928 850 977 ne
871 918 1032 978 mortem
1058 902 1216 1005 quidem
1231 900 1432 974 honestam
1448 924 1530 1003 spe-

123 1040 214 1091 rare
234 1008 330 1094 licet.
367 1022 483 1112 Nam,
502 1026 532 1099 si
557 1026 749 1130 parricida
772 1025 883 1101 vestri
908 1052 1014 1114 sum,
1039 1038 1078 1099 et
1098 1025 1156 1099 bis
1179 1025 1327 1130 genitus
1350 1022 1415 1097 hic
1443 1022 1530 1101 deos

122 1138 283 1217 Penates
307 1172 434 1237 meos,
460 1148 725 1251 patriamque,
750 1164 788 1223 et
813 1175 1007 1225 summum
1030 1148 1235 1252 imperium
1259 1148 1348 1221 vilia
1376 1147 1529 1223 haheo:

123 1265 213 1365 quis
229 1266 326 1343 mihi
345 1270 428 1355 vivo
452 1273 642 1349 cruciatus
662 1272 749 1347 satis
770 1289 845 1365 est,
870 1288 938 1347 aut
955 1298 1041 1375 quae
1063 1300 1178 1376 poena
1194 1274 1378 1348 mortuui
1405 1296 1529 1373 quum

124 1390 255 1464 omnia
280 1412 487 1471 memorata
512 1398 617 1500 apud
643 1396 781 1474 inferos
799 1398 986 1501 supplicia
1006 1398 1144 1473 scelere
1166 1396 1356 1473 meo'vici.
1396 1400 1429 1470 A
1450 1394 1529 1499 pri-

125 1539 189 1585 ma
219 1514 474 1594 adulescentia
509 1521 552 1595 in
575 1546 638 1597 ore
665 1539 786 1599 vestro
812 1524 982 1627 privatus
1001 1539 1038 1598 et
1065 1523 1106 1594 in
1133 1519 1412 1629 magistratibus
1438 1518 1533 1623 egi:

124 1636 196 1737 qui
214 1638 363 1745 lingua,
390 1644 458 1745 qui
475 1644 633 1719 consilio
650 1672 763 1743 mec,
777 1646 845 1749 (pri
865 1646 1029 1751 pecunia
1056 1645 1228 1735 voluere,
1252 1643 1310 1718 usi
1328 1654 1443 1718 sunt:'
1462 1654 1528 1717 ne-'

125 1787 204 1862 que
223 1788 289 1868 ego
307 1765 488 1841 callidam
507 1768 730 1845 facundiam
750 1796 875 1873 neque
898 1770 1096 1875 ingenium
1115 1770 1166 1845 ad
1185 1768 1285 1842 male
1308 1767 1528 1842 faciendum

125 1889 277 1963 exercui
301 1922 309 1962 ε
338 1890 584 1967 avidissumus
602 1893 759 1997 privatae
781 1894 910 1997 gratioe
926 1919 1121 1969 maxumas
1143 1890 1363 1967 inimicitias
1378 1918 1448 1995 pro
1469 1916 1532 1965 ree

124 2010 283 2111 publica
303 2013 478 2119 suscepi:
504 2016 589 2119 quis
612 2016 732 2119 victus
746 2044 835 2093 cum
861 2018 927 2093 illa
950 2017 1088 2108 simul,
1113 2044 1236 2119 quum
1260 2041 1369 2120 egens
1393 2014 1527 2089 alienae

128 2136 231 2237 opis,
254 2136 368 2241 plura
393 2140 494 2214 mala
521 2158 773 2245 exspectarem
786 2174 797 2233 ;
836 2168 924 2230 vos,
949 2140 1140 2238 Quirites,
1169 2166 1297 2215 rursus
1332 2136 1428 2211 mihi
1459 2164 1529 2241 pa-

127 2260 242 2334 triam
260 2261 423 2366 deosque
436 2267 609 2355 Penates,
634 2291 723 2340 cum
739 2264 884 2367 ingenti
904 2263 1089 2369 dignitate
1103 2262 1263 2338 dedistis.
1299 2266 1371 2336 Pro
1385 2261 1531 2363 quibus

129 2380 318 2460 beneficiis
335 2386 399 2461 vix
411 2387 499 2461 satis
513 2404 640 2492 gratus
657 2388 803 2478 videar,
816 2388 847 2461 si
862 2386 1021 2491 singulis
1034 2387 1222 2476 animam,
1235 2414 1352 2488 qrtam
1366 2412 1526 2487 nequeo,

130 2509 380 2584 concesserim.
412 2512 509 2585 Nam
520 2511 597 2585 vita
616 2529 654 2589 et
664 2536 765 2587 mors
778 2509 861 2584 iura
880 2525 1029 2587 naturae
1045 2523 1156 2584 sunt:
1173 2510 1231 2583 uti
1248 2508 1329 2583 sine
1345 2506 1531 2583 dedecore

131 2656 218 2705 cum
234 2632 397 2723 civibus,
415 2632 517 2707 fama
529 2650 567 2708 et
580 2633 743 2708 fortunis
761 2633 906 2737 integer
923 2656 1023 2735 agas,
1035 2631 1076 2707 id
1091 2632 1194 2707 dono
1207 2632 1321 2706 datur
1333 2648 1449 2733 atcpre
1466 2655 1529 2704 ac·

134 2753 279 2855 cipitur.
306 2754 485 2831 Consules
497 2780 565 2831 nos
577 2754 727 2847 fecistis,
741 2754 919 2853 Quirites,
931 2754 1037 2829 domi
1049 2754 1218 2858 bellique
1227 2755 1525 2858 impeditissuma

136 2878 334 2979 republica.
360 2878 534 2980 Namque
549 2878 791 2982 imperatores
803 2880 998 2983 Hispaniae
1012 2878 1265 2982 stipendium,
1287 2878 1444 2969 milites,
1466 2904 1530 2952 arr·

135 3022 211 3091 ma,
230 3001 467 3076 frumentum
478 3020 657 3106 poscunt3
669 3021 706 3078 ct
720 3003 761 3079 id
777 3029 834 3079 res
848 3002 967 3107 cogit,
987 3000 1172 3103 quoniam
1183 2999 1395 3077 defectione
1409 3000 1529 3075 socio-
1636 3014 1639 3019 “

137 3144 219 3199 rum
230 3142 268 3201 et
279 3124 433 3201 Sertorii
448 3152 516 3230 per
527 3142 674 3201 montes
688 3126 791 3231 luga,
806 3153 931 3229 neque
947 3150 1067 3199 manu
1080 3140 1222 3199 certare
1231 3141 1390 3227 possunt
1401 3145 1534 3226 neque

137 3244 239 3324 utilia
247 3274 391 3354 parare.
407 3250 602 3355 Exercitus
614 3248 655 3325 iu
666 3250 751 3325 Asia
766 3249 976 3351 Ciliciaque
985 3248 1035 3323 ob
1047 3247 1183 3322 nimias
1195 3274 1283 3351 opes
1291 3244 1525 3320 Mithridatis

138 3368 305 3447 aluntur:
324 3372 548 3452 Macedonia
562 3373 674 3477 plena
688 3372 855 3448 hostium
866 3389 936 3447 est:
957 3398 1028 3447 nec
1043 3373 1172 3446 minus
1181 3370 1302 3445 Italiae
1314 3368 1520 3443 marituma

138 3508 172 3565 et
182 3496 476 3599 provinciarum:
489 3524 611 3599 quum
625 3498 779 3571 interim
791 3494 986 3599 vectigalia
997 3520 1113 3597 parva
1126 3508 1165 3568 et
1174 3492 1284 3567 bellis
1296 3491 1528 3581 incerta,vix

141 3672 205 3737 len.
216 3678 232 3738 5
239 3720 249 3753 ‚
264 3653 337 3751 524}
359 3677 395 3753 6,
408 3674 671 3758 569.-t.c.1²r.
685 3676 769 3737 citius
779 3675 840 3736 hac
849 3696 884 3735 ex
896 3674 974 3735 libro
985 3695 1011 3733 ι.
1022 3673 1187 3738 laudantur.
1196 3704 1238 3719 -
1259 3672 1287 3731 5.
1296 3670 1374 3730 Don.
1386 3670 1424 3729 ad
1432 3670 1531 3753 ludu,

144 3796 174 3851 2,
191 3802 220 3857 a,
241 3784 286 3843 ιθ.
306 3814 348 3830 -··
368 3782 401 3847 6.
418 3782 539 3841 Sueton.
551 3780 588 3841 dc
601 3782 686 3841 claris
704 3782 837 3845 Gratum.
856 3802 920 3861 cap.
936 3800 983 3838 10.
1001 3811 1044 3825 -
1070 3800 1099 3859 7.
1117 3777 1333 3850 Isidor.11,1-.
1353 3776 1432 3837 Serv.
1452 3773 1527 3835 Aen.

145 3901 174 3957 ι,
190 3908 232 3970 ¹9·
249 3919 290 3936 -
309 3888 340 3953 8.
350 3884 463 3947 Charis.
475 3908 507 3967 p.
526 3906 647 3969 ¹77···
666 3907 697 3969 9.
716 3886 801 3945 Prisc.
818 3884 873 3960 ιά,
889 3890 924 3959 3,
941 3884 1064 3975 596.ss
1087 3903 1135 3941 ιο.
1153 3882 1254 3941 Senec.
1268 3879 1323 3959 Ep.
1339 3880 1456 3949 ιι4.-
1478 3901 1526 3941 ιι.

144 3984 259 4059 Donat
276 3990 367 4053 llndr.
384 4011 419 4065 1,
442 4010 476 4065 ι,
498 3989 548 4063 54.
571 4022 613 4039 -
637 4010 682 4054 ιι.
703 3990 781 4049 Dan.
797 3987 835 4049 ad
849 3986 986 4049 Eunuch.
1000 3989 1036 4061 l„
1049 3990 1083 4060 3,
1105 3988 1135 4050 8.
1154 4018 1196 4034 --
1219 3984 1266 4044 13.
1278 3984 1348 4043 Isid-
1365 3987 1415 4060 18,
1435 4005 1464 4050 2.
1484 4016 1527 4034 ·-

148 4092 189 4163 tl.
205 4096 304 4159 Seneca
314 4096 369 4177 Ep.
389 4094 455 4166 114.
474 4128 516 4142 —
539 4094 584 4155 15.
604 4092 744 4175 Isid.19,
767 4092 815 4163 al.
836 4090 937 4153 schot.
951 4092 991 4151 ad
1011 4092 1142 4155 luceant.
1164 4090 1204 4162 6,
1224 4090 1298 4159 loo.
1314 4122 1356 4136 —
1379 4090 1424 4148 26.
1445 4090 1525 4155 Sem.

149 4194 209 4259 lau.
220 4202 251 4277 4,
266 4222 332 4285 ²7¹·
350 4233 392 4248 -
421 4222 468 4281 ¹7·
483 4198 648 4281 statiuaque
660 4200 754 4271 Vatis.
775 4216 829 4276 quc
845 4198 1021 4275 umecteri.
1041 4195 1075 4255 in
1091 4194 1155 4273 qaus
1172 4193 1306 4254 omnibus
1324 4193 1426 4285 vatic,
1437 4192 1524 4272 inque

151 4298 188 4363 lu's
207 4308 295 4373 ceteri.
315 4325 464 4386 nunquam
484 4304 599 4365 ananus
617 4304 707 4365 Febr.
723 4302 801 4370 Bais.
825 4312 943 4365 senecta
960 4300 1023 4363 iam
1038 4290 1125 4362 letata
1147 4297 1189 4362 sic
1212 4297 1315 4361 cnuto
1333 4296 1501 4361 emendarit
1511 4317 1529 4371 ς
