3850 4867
358 332 385 426 t

356 510 508 620 Cynu,
544 515 587 592 in
620 517 782 596 Graecia
813 516 1101 596 Laoedaemonii
1132 534 1172 596 et
1202 513 1447 598 Athenienses
1474 545 1622 626 eoepere
1642 517 1754 594 urbes

356 655 473 750 atque
493 641 667 732 nationes
687 641 876 748 subigere,
900 640 1116 721 lubidinem
1137 643 1363 722 dominandi
1381 670 1552 723 eaussam
1572 642 1664 720 belli
1686 639 1755 713 ha-

355 765 474 856 bere,
504 789 724 842 maxumam
748 765 909 872 gloriam
932 766 976 843 in
1001 794 1181 844 maxumo
1201 769 1361 874 imperio
1382 785 1520 874 putare
1540 801 1547 842 :
1584 786 1668 841 tum
1691 762 1754 836 de·

354 916 464 966 mum
482 890 653 994 periculo
671 905 786 993 atque
811 889 971 996 negotiis
989 908 1228 997 compertum
1257 910 1327 984 est,
1362 894 1405 970 in
1424 893 1526 968 bello
1542 891 1754 996 plurimum

361 1012 561 1118 ingenium
580 1039 693 1118 posse
727 1012 844 1109 Quod
868 1013 900 1088 si
921 1039 1055 1120 regum
1071 1031 1186 1119 atque
1207 1007 1480 1120 imperatorum
1497 1015 1618 1092 animi
1636 1012 1757 1087 virtus

354 1136 397 1211 in
424 1163 517 1242 pace
539 1138 609 1228 ita,
634 1138 693 1214 uti
724 1137 766 1214 in
793 1137 913 1228 bello,
942 1137 1102 1229 valeret,
1130 1139 1356 1242 aequabilius
1383 1158 1499 1244 atque
1522 1135 1756 1215 constantius

354 1286 430 1338 sese
453 1287 511 1338 res
527 1261 709 1338 humanae
729 1260 932 1354 haberent;
957 1289 1081 1364 neque
1102 1264 1210 1340 aliud
1231 1264 1308 1338 alio
1332 1265 1442 1354 ferri,
1468 1291 1592 1367 neque
1612 1259 1754 1336 mutari

355 1411 401 1459 ae
423 1385 571 1461 misceri
593 1385 720 1460 omnia
745 1411 923 1460 cerneres.
974 1388 1071 1462 Nam
1094 1387 1300 1491 imperium
1320 1388 1432 1464 facile
1455 1388 1515 1462 his
1532 1387 1678 1461 artibus
1698 1412 1755 1459 re-

355 1509 515 1598 tinetur,
541 1509 681 1612 quibus
702 1507 814 1583 initio
851 1525 1008 1612 partum
1037 1527 1098 1585 est.
1150 1515 1295 1588 Verum
1324 1513 1393 1587 ubi
1414 1539 1485 1616 pro
1510 1511 1638 1584 labore
1660 1504 1757 1583 ‹leri-

355 1631 440 1724 dia,
467 1662 537 1738 pro
562 1633 854 1709 continentia-et
874 1633 1053 1736 aequitate
1071 1633 1206 1710 lubido
1224 1653 1339 1739 atque
1364 1634 1541 1738 superbia
1565 1635 1757 1724 inuasere3

354 1756 511 1832 fortuna
532 1757 646 1833 simul
665 1785 754 1832 cum
776 1757 946 1832 moribus
966 1757 1201 1832 immutatur.
1240 1761 1297 1831 Ita
1319 1757 1524 1861 imperium
1540 1783 1687 1860 semper
1705 1755 1756 1830 ad

340 1898 560 1986 'optumum
594 1907 785 1985 quemque
827 1908 848 1955 a
885 1881 1013 1956 minus
1040 1883 1143 1956 bono
1173 1882 1407 1956 transfertur.
1453 1881 1550 1979 Qum
1582 1880 1757 1954 homines

355 2024 485 2096 arant,
507 2007 714 2112 nauigant,
727 2003 938 2094 aedificant,
956 2004 1090 2078 virtuti
1106 2004 1234 2078 omnia
1255 2021 1400 2107 parent.
1435 2003 1508 2080 Sed
1528 2005 1642 2079 multi
1654 2031 1757 2077 mor-

357 2130 448 2206 tales
472 2131 591 2206 dediti
611 2129 735 2205 ventri
757 2147 871 2231 atque
898 2153 1050 2215 somno,
1076 2127 1220 2202 indocti
1245 2128 1460 2230 incultique
1484 2129 1619 2219 vitam,
1642 2126 1756 2202 sicuti

355 2255 651 2360 peregrinantes,
674 2269 906 2356 transegere:
930 2251 1089 2353 quibus,
1108 2250 1278 2354 profecto
1303 2268 1436 2326 contra
1457 2269 1655 2341 naturam,
1673 2278 1756 2326 cor·

354 2405 426 2482 pus
456 2377 661 2482 voluptati,
696 2377 824 2452 anima
851 2375 958 2450 oneri
984 2373 1085 2449 suit:
1125 2401 1258 2448 eorum
1281 2400 1349 2478 ego
1375 2375 1493 2450 vitam
1518 2393 1757 2478 mortemque

354 2503 461 2578 iuxta
485 2520 662 2591 aestum,
686 2501 871 2603 quoniam
892 2498 939 2573 (le
956 2516 1121 2599 utreque
1141 2498 1283 2572 siletur.
1324 2502 1469 2573 Verum
1488 2500 1594 2573 enirn
1616 2525 1705 2574 vero
1725 2499 1757 2574 is

356 2625 513 2700 demum
545 2623 642 2722 mihi
675 2623 800 2698 rivere
820 2639 935 2724 atque
955 2621 1034 2695 frui
1058 2624 1186 2698 anima
1206 2621 1374 2712 ridetur,
1399 2622 1467 2724 qui
1490 2622 1621 2724 aliquo
1642 2649 1757 2726 nego-

355 2833 533 2904 oomperlum
554 2821 586 2880 in
606 2822 688 2882 bello.
710 2821 789 2880 Leid.
811 2843 837 2881 c.
858 2829 898 2880 est
918 2841 1012 2900 comp.
1028 2817 1108 2875 Leid.
1127 2819 1147 2876 i.
1158 2817 1190 2876 ἰη
1213 2840 1286 2898 pare
1300 2820 1352 2878 ιιιί.
1370 2821 1432 2878 llas.
1456 2839 1484 2878 2.
1501 2819 1530 2890 Δ.
1550 2818 1640 2880 Αωά.
1658 2802 1755 2879 siculi.

353 2927 452 2988 Turio.
469 2949 495 2988 a.
518 2929 561 2986 ilo
575 2937 615 2985 ut.
635 2927 694 2986 Erl.
711 2926 780 3007 Teg.
791 2925 860 2984 Tur.
885 2945 910 2984 ι.
932 2925 1017 2988 Bere.
1039 2944 1063 2980 1.
1080 2923 1108 2982 3.
1130 2922 1174 2980 ira
1191 2925 1224 2981 in
1244 2946 1316 3005 pare
1333 2936 1374 2985 ul.
1395 2927 1480 2984 Bern.
1502 2946 1530 2984 2.
1546 2926 1631 2984 multi
1650 2936 1758 3006 preele-

354 3053 401 3094 rea
418 3033 573 3096 verborum
596 3032 730 3091 ordinem
752 3039 876 3089 mutant.
890 3031 1023 3106 fortuna
1039 3049 1106 3086 cum
1122 3030 1259 3089 moribus.
1272 3031 1352 3089 Leid.
1366 3029 1397 3090 h.
1413 3029 1710 3106 simetsorrumttas.
1722 3030 1755 3090 5.

353 3149 529 3219 transegere.
544 3137 624 3196 Laid.
639 3139 670 3195 a.
684 3157 710 3196 c.
724 3136 754 3204 d.
772 3157 797 3194 e.
812 3136 833 3194 i.
846 3135 873 3193 k.
887 3138 907 3193 l.
924 3155 954 3190 n.
970 3137 1068 3212 plures
1083 3132 1181 3192 Oxou.
1200 3134 1284 3192 Febr.
1300 3146 1394 3216 uterq.
1409 3137 1505 3194 Senot.
1519 3134 1590 3193 duo.
1604 3133 1665 3194 Bas.
1687 3156 1711 3193 ι.
1725 3155 1755 3195 2.

353 3245 384 3316 A.
402 3246 501 3306 Heuss.
519 3245 619 3304 Vinar.
639 3240 758 3301 Eoeard.
778 3237 867 3298 Acad.
881 3237 979 3296 Guell.
1001 3259 1026 3295 ι.
1044 3257 1070 3295 2.
1086 3237 1114 3297 5.
1132 3239 1160 3307 4.
1181 3261 1209 3318 9.
1226 3249 1254 3296 et
1278 3260 1322 3297 12.
1342 3261 1455 3298 mser.
1471 3239 1540 3297 Tur.
1560 3259 1586 3296 r.
1606 3238 1665 3296 Erl.
1682 3237 1754 3319 Teg.

354 3349 440 3410 Bern.
464 3373 489 3410 1.
506 3349 534 3410 3.
556 3348 727 3425 transigere,
743 3344 840 3404 Guell.
859 3345 886 3402 5.
910 3364 955 3402 ro.
978 3342 1040 3401 Bes.
1053 3343 1081 3402 5.
1101 3342 1181 3400 Leid.
1203 3343 1223 3400 f.
1240 3365 1268 3424 g.
1284 3365 1325 3400 m.
1339 3344 1462 3424 plurimi
1472 3341 1590 3402 Gruteri
1606 3352 1635 3401 et
1649 3341 1756 3403 Wassii

351 3454 431 3516 libri.
451 3455 603 3514 transiere.
622 3451 719 3510 Guell'.
739 3450 768 3508 6.
788 3471 816 3528 7.
828 3447 908 3507 leid.
928 3447 957 3505 b.
971 3445 1002 3505 h.
1021 3451 1118 3526 plures
1126 3447 1203 3506 llirii
1218 3459 1337 3528 nrserpt.
1367 3448 1464 3506 Turio.
1480 3467 1508 3507 2.
1524 3447 1610 3506 Bern.
1626 3466 1654 3506 2.
1666 3447 1754 3508 Rem.

353 3559 417 3620 Ine.
435 3559 495 3618 duo
517 3559 610 3623 Struv.
630 3557 708 3616 Serv.
727 3553 764 3612 ad
785 3553 865 3634 Virg.
890 3550 997 3632 Georg.
1023 3573 1048 3609 r.
1071 3550 1099 3610 5.
1121 3551 1229 3610 horum
1249 3572 1312 3632 ego.
1336 3553 1471 3611 Prusiam
1499 3552 1545 3622 14.
1563 3551 1592 3612 5.
1607 3552 1675 3612 602.
1696 3551 1754 3613 Ed.

355 3661 456 3724 Ksehl.
474 3683 598 3742 quorum
616 3660 696 3720 Leid.
720 3659 747 3716 k.
769 3657 878 3717 eslirno.
899 3657 960 3714 Bas.
989 3677 1014 3714 ι.
1029 3655 1114 3714 Bern.
1137 3676 1162 3712 ι.
1182 3655 1250 3714 Tur.
1275 3678 1299 3714 r.
1318 3657 1377 3714 Erl.
1399 3657 1468 3738 Teg.
1496 3655 1756 3734 oestmnogedide-

355 3784 427 3832 runt
440 3768 555 3827 Gruter.
576 3776 604 3824 et
617 3765 752 3824 Wassins.
771 3743 921 3820 Leidenses
937 3773 1056 3840 excepto
1077 3783 1117 3818 nr.
1139 3760 1270 3819 exstimo.
1288 3761 1350 3818 Bas.
1372 3760 1401 3820 5.
1420 3761 1539 3820 extimo.
1557 3763 1674 3820 Martin.
1688 3759 1754 3821 Bas.

353 3874 382 3946 A.
407 3874 551 3944 existimo,
563 3871 647 3928 Bern.
663 3889 690 3926 2.
705 3867 734 3926 5.
749 3868 810 3925 Bes.
825 3885 853 3925 2.
866 3865 936 3925 Tur.
957 3887 984 3924 2.
1013 3866 1132 3924 Eecard.
1148 3867 1243 3925 Struv.
1263 3865 1360 3928 Guell.
1382 3887 1407 3924 r.
1423 3867 1452 3936 A.
1472 3867 1501 3924 6.
1527 3889 1555 3945 7.
1577 3887 1607 3945 9.
1629 3886 1675 3925 ro.
1702 3885 1753 3926 22.

355 3979 438 4042 leid.
459 4001 499 4040 m.
518 3977 622 4040 Wassii
634 3974 685 4033 lib.
707 3973 731 4032 l.
747 3971 1020 4033 sententiares.
1041 3970 1192 4028 existumo.
1209 3968 1305 4026 Pemb.
1327 3979 1457 4048 utroque.
1469 3970 1549 4030 leid.
1563 3973 1585 4032 l.

421 4186 494 4268 Cep.
509 4135 538 4248 5.
561 4185 720 4244 attrectem
738 4183 855 4260 (omisso
874 4179 928 4256 est)
946 4179 1026 4237 leid.
1039 4178 1070 4236 h.
1092 4189 1124 4237 at
1142 4181 1225 4238 mriu'.
1243 4181 1323 4239 Leid.
1340 4203 1368 4238 a.
1386 4181 1417 4240 b.
1437 4203 1463 4240 c.
1485 4203 1510 4240 e.
1526 4184 1547 4241 f.
1562 4181 1590 4242 k.
1614 4181 1700 4244 Falx.
1723 4208 1756 4252 2,

354 4295 455 4363 vinae.
470 4313 501 4357 2.
514 4293 611 4352 Sonat.
627 4311 655 4352 a.
671 4291 772 4348 insert.
790 4297 918 4369 uterque.
934 4284 1054 4343 Errard.
1072 4283 1155 4343 Rem.
1176 4287 1280 4345 2.Guel
1297 4287 1316 4342 l.
1333 4309 1361 4368 7.
1377 4287 1406 4345 8.
1424 4308 1453 4362 9.
1475 4301 1519 4348 ro.
1541 4287 1667 4362 emetri,
1682 4309 1760 4350 om-

1802 1019 1805 1025 ·
