<?xml version="1.0" encoding="UTF-8"?>
<!DOCTYPE html PUBLIC "-//W3C//DTD XHTML 1.0 Transitional//EN"
    "http://www.w3.org/TR/xhtml1/DTD/xhtml1-transitional.dtd">
<html xmlns="http://www.w3.org/1999/xhtml" xml:lang="en" lang="en">
 <head>
  <title>
</title>
<meta http-equiv="Content-Type" content="text/html;charset=utf-8" />
  <meta name='ocr-system' content='tesseract 3.04.00' />
  <meta name='ocr-capabilities' content='ocr_page ocr_carea ocr_par ocr_line ocrx_word'/>
</head>
<body>
  <div class='ocr_page' id='page_1' title='image "./salustiiquaeexs01sallgoog_0336.png"; bbox 0 0 3850 4867; ppageno 0'>
   <div class='ocr_carea' id='block_1_1' title="bbox 414 288 586 376">
    <p class='ocr_par' dir='ltr' id='par_1_1' title="bbox 414 288 586 376">
     <span class='ocr_line' id='line_1_1' title="bbox 414 288 586 376; baseline 0.017 -21"><span class='ocrx_word' id='word_1_1' title='bbox 414 288 485 376; x_wconf 71' lang='lat'><strong>²4²</strong></span> <span class='ocrx_word' id='word_1_2' title='bbox 580 312 586 325; x_wconf 86' lang='lat'>·</span> 
     </span>
    </p>
   </div>
   <div class='ocr_carea' id='block_1_2' title="bbox 401 451 1868 3447">
    <p class='ocr_par' dir='ltr' id='par_1_2' title="bbox 401 451 1868 3447">
     <span class='ocr_line' id='line_1_2' title="bbox 414 451 1793 567; baseline -0.007 -28"><span class='ocrx_word' id='word_1_3' title='bbox 414 463 691 567; x_wconf 68' lang='lat' dir='ltr'><strong>suspectusque</strong></span> <span class='ocrx_word' id='word_1_4' title='bbox 707 460 800 553; x_wconf 84' lang='lat' dir='ltr'><strong>fuit,</strong></span> <span class='ocrx_word' id='word_1_5' title='bbox 826 462 1017 539; x_wconf 89' lang='lat' dir='ltr'><strong>ineertum</strong></span> <span class='ocrx_word' id='word_1_6' title='bbox 1030 486 1118 539; x_wconf 80' lang='lat' dir='ltr'><strong>vero</strong></span> <span class='ocrx_word' id='word_1_7' title='bbox 1139 486 1190 537; x_wconf 84' lang='lat' dir='ltr'><strong>an</strong></span> <span class='ocrx_word' id='word_1_8' title='bbox 1212 487 1283 566; x_wconf 89' lang='lat' dir='ltr'><strong>per</strong></span> <span class='ocrx_word' id='word_1_9' title='bbox 1305 458 1581 565; x_wconf 76' lang='lat' dir='ltr'><strong>neglegentiam</strong></span> <span class='ocrx_word' id='word_1_10' title='bbox 1598 451 1793 531; x_wconf 84' lang='lat' dir='ltr'><strong>societatem</strong></span> 
     </span>
     <span class='ocr_line' id='line_1_3' title="bbox 414 578 1793 691; baseline -0.008 -28"><span class='ocrx_word' id='word_1_11' title='bbox 414 586 633 691; x_wconf 81' lang='lat' dir='ltr'><strong>praedarum</strong></span> <span class='ocrx_word' id='word_1_12' title='bbox 649 614 739 663; x_wconf 89' lang='lat' dir='ltr'><strong>oum</strong></span> <span class='ocrx_word' id='word_1_13' title='bbox 760 586 976 663; x_wconf 77' lang='lat' dir='ltr'><strong>latronibus</strong></span> <span class='ocrx_word' id='word_1_14' title='bbox 993 584 1251 689; x_wconf 84' lang='lat' dir='ltr'><strong>oomposuisse</strong></span> <span class='ocrx_word' id='word_1_15' title='bbox 1264 626 1316 642; x_wconf 92' lang='lat'>-</span> <span class='ocrx_word' id='word_1_16' title='bbox 1343 609 1396 681; x_wconf 85' lang='lat'><strong>19·</strong></span> <span class='ocrx_word' id='word_1_17' title='bbox 1414 583 1606 687; x_wconf 82' lang='lat' dir='ltr'><strong>Collegam</strong></span> <span class='ocrx_word' id='word_1_18' title='bbox 1625 578 1793 655; x_wconf 78' lang='lat' dir='ltr'><strong>minorem</strong></span> 
     </span>
     <span class='ocr_line' id='line_1_4' title="bbox 414 705 1868 813; baseline -0.006 -28"><span class='ocrx_word' id='word_1_19' title='bbox 414 725 454 785; x_wconf 90' lang='lat' dir='ltr'><strong>et</strong></span> <span class='ocrx_word' id='word_1_20' title='bbox 470 709 530 785; x_wconf 88' lang='lat' dir='ltr'><strong>sui</strong></span> <span class='ocrx_word' id='word_1_21' title='bbox 549 709 735 787; x_wconf 87' lang='lat' dir='ltr'><strong>cultorem</strong></span> <span class='ocrx_word' id='word_1_22' title='bbox 755 725 980 813; x_wconf 76' lang='lat' dir='ltr'><strong>exspectans</strong></span> <span class='ocrx_word' id='word_1_23' title='bbox 1005 752 1054 769; x_wconf 89' lang='lat'>-</span> <span class='ocrx_word' id='word_1_24' title='bbox 1081 733 1139 781; x_wconf 81' lang='lat' dir='ltr'><strong>ao.</strong></span> <span class='ocrx_word' id='word_1_25' title='bbox 1165 707 1294 803; x_wconf 86' lang='lat' dir='ltr'><strong>Quam</strong></span> <span class='ocrx_word' id='word_1_26' title='bbox 1320 706 1507 784; x_wconf 85' lang='lat' dir='ltr'><strong>maxumis</strong></span> <span class='ocrx_word' id='word_1_27' title='bbox 1528 705 1725 781; x_wconf 84' lang='lat' dir='ltr'><strong>itineribus</strong></span> <span class='ocrx_word' id='word_1_28' title='bbox 1738 727 1796 805; x_wconf 86' lang='lat' dir='ltr'><strong>per</strong></span> <span class='ocrx_word' id='word_1_29' title='bbox 1867 757 1868 760; x_wconf 63' lang='lat'>,</span> 
     </span>
     <span class='ocr_line' id='line_1_5' title="bbox 416 828 1798 937; baseline -0.005 -28"><span class='ocrx_word' id='word_1_30' title='bbox 416 858 577 937; x_wconf 80' lang='lat' dir='ltr'><strong>regnum</strong></span> <span class='ocrx_word' id='word_1_31' title='bbox 584 832 831 909; x_wconf 81' lang='lat' dir='ltr'>Ariobarzani</span> <span class='ocrx_word' id='word_1_32' title='bbox 849 830 1049 907; x_wconf 77' lang='lat' dir='ltr'><strong>contendat</strong></span> <span class='ocrx_word' id='word_1_33' title='bbox 1065 830 1116 905; x_wconf 88' lang='lat' dir='ltr'><strong>ad</strong></span> <span class='ocrx_word' id='word_1_34' title='bbox 1133 829 1279 907; x_wconf 71' lang='lat' dir='ltr'><strong>flumen</strong></span> <span class='ocrx_word' id='word_1_35' title='bbox 1290 828 1547 936; x_wconf 71' lang='lat' dir='ltr'><strong>Euphratem</strong></span> <span class='ocrx_word' id='word_1_36' title='bbox 1570 856 1648 930; x_wconf 86' lang='lat' dir='ltr'><strong>qua</strong></span> <span class='ocrx_word' id='word_1_37' title='bbox 1670 828 1711 903; x_wconf 88' lang='lat' dir='ltr'><strong>in</strong></span> <span class='ocrx_word' id='word_1_38' title='bbox 1723 852 1798 929; x_wconf 82' lang='lat' dir='ltr'><strong>par-</strong></span> 
     </span>
     <span class='ocr_line' id='line_1_6' title="bbox 418 950 1868 1059; baseline -0.004 -28"><span class='ocrx_word' id='word_1_39' title='bbox 418 969 455 1031; x_wconf 88' lang='lat' dir='ltr'><strong>te</strong></span> <span class='ocrx_word' id='word_1_40' title='bbox 474 954 712 1059; x_wconf 82' lang='lat' dir='ltr'><strong>Cappadocia</strong></span> <span class='ocrx_word' id='word_1_41' title='bbox 733 957 783 1032; x_wconf 86' lang='lat' dir='ltr'><strong>ab</strong></span> <span class='ocrx_word' id='word_1_42' title='bbox 801 956 983 1031; x_wconf 85' lang='lat' dir='ltr'><strong>Armenia</strong></span> <span class='ocrx_word' id='word_1_43' title='bbox 1011 954 1254 1059; x_wconf 81' lang='lat' dir='ltr'><strong>disiungitur.</strong></span> <span class='ocrx_word' id='word_1_44' title='bbox 1294 955 1345 1027; x_wconf 88' lang='lat' dir='ltr'><strong>Et</strong></span> <span class='ocrx_word' id='word_1_45' title='bbox 1361 980 1598 1056; x_wconf 84' lang='lat' dir='ltr'><strong>quamquam</strong></span> <span class='ocrx_word' id='word_1_46' title='bbox 1617 951 1666 1027; x_wconf 83' lang='lat' dir='ltr'><strong>ad</strong></span> <span class='ocrx_word' id='word_1_47' title='bbox 1686 950 1725 1027; x_wconf 90' lang='lat' dir='ltr'><strong>id</strong></span> <span class='ocrx_word' id='word_1_48' title='bbox 1740 975 1800 1025; x_wconf 78' lang='lat' dir='ltr'><strong>no·</strong></span> <span class='ocrx_word' id='word_1_49' title='bbox 1867 1011 1868 1054; x_wconf 52' lang='lat'>3</span> 
     </span>
     <span class='ocr_line' id='line_1_7' title="bbox 419 1076 1801 1183; baseline -0.003 -31"><span class='ocrx_word' id='word_1_50' title='bbox 419 1102 479 1153; x_wconf 79' lang='lat' dir='ltr'><strong>ves</strong></span> <span class='ocrx_word' id='word_1_51' title='bbox 499 1078 697 1155; x_wconf 79' lang='lat' dir='ltr'>codicariae</span> <span class='ocrx_word' id='word_1_52' title='bbox 719 1078 869 1157; x_wconf 79' lang='lat' dir='ltr'><strong>occulto</strong></span> <span class='ocrx_word' id='word_1_53' title='bbox 890 1105 959 1183; x_wconf 89' lang='lat' dir='ltr'><strong>per</strong></span> <span class='ocrx_word' id='word_1_54' title='bbox 978 1076 1145 1153; x_wconf 86' lang='lat' dir='ltr'><strong>hiemem</strong></span> <span class='ocrx_word' id='word_1_55' title='bbox 1163 1076 1357 1153; x_wconf 68' lang='lat' dir='ltr'><strong>fabricatae</strong></span> <span class='ocrx_word' id='word_1_56' title='bbox 1377 1076 1543 1153; x_wconf 84' lang='lat' dir='ltr'><strong>aderant</strong></span> <span class='ocrx_word' id='word_1_57' title='bbox 1559 1124 1609 1141; x_wconf 90' lang='lat'><em>-</em></span> <span class='ocrx_word' id='word_1_58' title='bbox 1633 1076 1801 1151; x_wconf 69' lang='lat' dir='ltr'><strong>nattam-</strong></span> 
     </span>
     <span class='ocr_line' id='line_1_8' title="bbox 418 1198 1801 1307; baseline -0.003 -30"><span class='ocrx_word' id='word_1_59' title='bbox 418 1228 495 1303; x_wconf 89' lang='lat' dir='ltr'><strong>que</strong></span> <span class='ocrx_word' id='word_1_60' title='bbox 511 1202 682 1307; x_wconf 90' lang='lat' dir='ltr'><strong>primum</strong></span> <span class='ocrx_word' id='word_1_61' title='bbox 692 1206 864 1279; x_wconf 85' lang='lat' dir='ltr'><strong>Iasonem</strong></span> <span class='ocrx_word' id='word_1_62' title='bbox 881 1227 981 1277; x_wconf 87' lang='lat' dir='ltr'><strong>novo</strong></span> <span class='ocrx_word' id='word_1_63' title='bbox 999 1199 1135 1277; x_wconf 80' lang='lat' dir='ltr'><strong>itinere</strong></span> <span class='ocrx_word' id='word_1_64' title='bbox 1153 1200 1250 1276; x_wconf 89' lang='lat' dir='ltr'><strong>mari</strong></span> <span class='ocrx_word' id='word_1_65' title='bbox 1261 1204 1384 1277; x_wconf 78' lang='lat' dir='ltr'><strong>Aeetae</strong></span> <span class='ocrx_word' id='word_1_66' title='bbox 1395 1198 1554 1305; x_wconf 85' lang='lat' dir='ltr'><strong>hospitis</strong></span> <span class='ocrx_word' id='word_1_67' title='bbox 1569 1200 1724 1277; x_wconf 91' lang='lat' dir='ltr'><strong>domum</strong></span> <span class='ocrx_word' id='word_1_68' title='bbox 1732 1198 1801 1275; x_wconf 82' lang='lat' dir='ltr'><strong>vio-</strong></span> 
     </span>
     <span class='ocr_line' id='line_1_9' title="bbox 418 1311 1868 1433; baseline -0.001 -34"><span class='ocrx_word' id='word_1_69' title='bbox 418 1324 582 1401; x_wconf 83' lang='lat' dir='ltr'><strong>lasse-</strong></span> <span class='ocrx_word' id='word_1_70' title='bbox 607 1351 660 1401; x_wconf 82' lang='lat' dir='ltr'><strong>nn.</strong></span> <span class='ocrx_word' id='word_1_71' title='bbox 673 1328 753 1424; x_wconf 88' lang='lat' dir='ltr'><strong>Qui</strong></span> <span class='ocrx_word' id='word_1_72' title='bbox 765 1326 1174 1433; x_wconf 80' lang='lat' dir='ltr'><strong>praetergrediebnntur</strong></span> <span class='ocrx_word' id='word_1_73' title='bbox 1186 1326 1331 1431; x_wconf 77' lang='lat' dir='ltr'><strong>equites</strong></span> <span class='ocrx_word' id='word_1_74' title='bbox 1342 1325 1802 1431; x_wconf 79' lang='lat' dir='ltr'><strong>cataphracti,ferreaom-</strong></span> <span class='ocrx_word' id='word_1_75' title='bbox 1867 1311 1868 1370; x_wconf 78' lang='lat' dir='ltr'><strong>l</strong></span> 
     </span>
     <span class='ocr_line' id='line_1_10' title="bbox 420 1446 1868 1575; baseline -0.001 -50"><span class='ocrx_word' id='word_1_76' title='bbox 420 1450 462 1525; x_wconf 91' lang='lat' dir='ltr'><strong>ni</strong></span> <span class='ocrx_word' id='word_1_77' title='bbox 480 1451 615 1554; x_wconf 82' lang='lat' dir='ltr'><strong>specie.</strong></span> <span class='ocrx_word' id='word_1_78' title='bbox 628 1500 678 1517; x_wconf 91' lang='lat'>-</span> <span class='ocrx_word' id='word_1_79' title='bbox 702 1460 760 1529; x_wconf 78' lang='lat'><strong>25.</strong></span> <span class='ocrx_word' id='word_1_80' title='bbox 786 1454 920 1549; x_wconf 92' lang='lat' dir='ltr'><strong>Quum</strong></span> <span class='ocrx_word' id='word_1_81' title='bbox 942 1451 1116 1542; x_wconf 89' lang='lat' dir='ltr'><strong>interim,</strong></span> <span class='ocrx_word' id='word_1_82' title='bbox 1139 1451 1287 1528; x_wconf 89' lang='lat' dir='ltr'><strong>lumine</strong></span> <span class='ocrx_word' id='word_1_83' title='bbox 1304 1454 1420 1527; x_wconf 84' lang='lat' dir='ltr'><strong>etiam</strong></span> <span class='ocrx_word' id='word_1_84' title='bbox 1442 1468 1526 1529; x_wconf 89' lang='lat' dir='ltr'><strong>tum</strong></span> <span class='ocrx_word' id='word_1_85' title='bbox 1544 1451 1707 1538; x_wconf 74' lang='lat' dir='ltr'><strong>incerto,</strong></span> <span class='ocrx_word' id='word_1_86' title='bbox 1727 1446 1803 1523; x_wconf 79' lang='lat' dir='ltr'><strong>duae</strong></span> <span class='ocrx_word' id='word_1_87' title='bbox 1867 1541 1868 1575; x_wconf 24' lang='grc'>1</span> 
     </span>
     <span class='ocr_line' id='line_1_11' title="bbox 421 1572 1805 1665; baseline 0 -19"><span class='ocrx_word' id='word_1_88' title='bbox 421 1572 559 1647; x_wconf 78' lang='lat' dir='ltr'><strong>Gallia</strong></span> <span class='ocrx_word' id='word_1_89' title='bbox 573 1576 748 1651; x_wconf 85' lang='lat' dir='ltr'><strong>mulieres</strong></span> <span class='ocrx_word' id='word_1_90' title='bbox 760 1592 992 1653; x_wconf 85' lang='lat' dir='ltr'><strong>conventum</strong></span> <span class='ocrx_word' id='word_1_91' title='bbox 1002 1576 1174 1665; x_wconf 75' lang='lat' dir='ltr'><strong>vitantes,</strong></span> <span class='ocrx_word' id='word_1_92' title='bbox 1191 1575 1242 1652; x_wconf 87' lang='lat' dir='ltr'><strong>ad</strong></span> <span class='ocrx_word' id='word_1_93' title='bbox 1251 1591 1443 1662; x_wconf 79' lang='lat' dir='ltr'><strong>menstrua</strong></span> <span class='ocrx_word' id='word_1_94' title='bbox 1458 1574 1637 1651; x_wconf 86' lang='lat' dir='ltr'><strong>solvenda</strong></span> <span class='ocrx_word' id='word_1_95' title='bbox 1649 1588 1805 1649; x_wconf 84' lang='lat' dir='ltr'><strong>montem</strong></span> 
     </span>
     <span class='ocr_line' id='line_1_12' title="bbox 422 1696 1803 1801; baseline 0 -31"><span class='ocrx_word' id='word_1_96' title='bbox 422 1698 641 1772; x_wconf 85' lang='lat' dir='ltr'><strong>ascendunt</strong></span> <span class='ocrx_word' id='word_1_97' title='bbox 667 1742 717 1755; x_wconf 93' lang='lat'><em>-</em></span> <span class='ocrx_word' id='word_1_98' title='bbox 743 1708 799 1793; x_wconf 71' lang='lat'><strong>²4·</strong></span> <span class='ocrx_word' id='word_1_99' title='bbox 825 1699 1052 1801; x_wconf 83' lang='lat' dir='ltr'><strong>Pluteosque</strong></span> <span class='ocrx_word' id='word_1_100' title='bbox 1073 1698 1255 1775; x_wconf 81' lang='lat' dir='ltr'><strong>rescindit</strong></span> <span class='ocrx_word' id='word_1_101' title='bbox 1276 1726 1322 1775; x_wconf 86' lang='lat' dir='ltr'><strong>ao</strong></span> <span class='ocrx_word' id='word_1_102' title='bbox 1345 1699 1579 1775; x_wconf 83' lang='lat' dir='ltr'><strong>munitiones</strong></span> <span class='ocrx_word' id='word_1_103' title='bbox 1593 1696 1803 1783; x_wconf 73' lang='lat' dir='ltr'><strong>demoliar,</strong></span> 
     </span>
     <span class='ocr_line' id='line_1_13' title="bbox 419 1803 1868 1925; baseline 0.001 -33"><span class='ocrx_word' id='word_1_104' title='bbox 419 1817 583 1921; x_wconf 89' lang='lat' dir='ltr'><strong>locoque</strong></span> <span class='ocrx_word' id='word_1_105' title='bbox 607 1847 757 1897; x_wconf 89' lang='lat' dir='ltr'><strong>summo</strong></span> <span class='ocrx_word' id='word_1_106' title='bbox 782 1823 937 1925; x_wconf 91' lang='lat' dir='ltr'><strong>potitur.</strong></span> <span class='ocrx_word' id='word_1_107' title='bbox 974 1866 1024 1883; x_wconf 91' lang='lat'><strong>-·</strong></span> <span class='ocrx_word' id='word_1_108' title='bbox 1062 1821 1118 1897; x_wconf 78' lang='lat'><strong>25.</strong></span> <span class='ocrx_word' id='word_1_109' title='bbox 1142 1822 1361 1897; x_wconf 81' lang='lat' dir='ltr'><strong>Exercitum</strong></span> <span class='ocrx_word' id='word_1_110' title='bbox 1391 1821 1554 1913; x_wconf 79' lang='lat' dir='ltr'><strong>(limisit,</strong></span> <span class='ocrx_word' id='word_1_111' title='bbox 1578 1837 1625 1897; x_wconf 91' lang='lat' dir='ltr'><strong>ut</strong></span> <span class='ocrx_word' id='word_1_112' title='bbox 1649 1821 1805 1925; x_wconf 85' lang='lat' dir='ltr'><strong>primum</strong></span> <span class='ocrx_word' id='word_1_113' title='bbox 1867 1803 1868 1830; x_wconf 50' lang='lat'>¹</span> 
     </span>
     <span class='ocr_line' id='line_1_14' title="bbox 422 1942 1806 2051; baseline -0.001 -34"><span class='ocrx_word' id='word_1_114' title='bbox 422 1942 534 2047; x_wconf 82' lang='lat' dir='ltr'><strong>Alpes</strong></span> <span class='ocrx_word' id='word_1_115' title='bbox 556 1944 738 2050; x_wconf 75' lang='lat' dir='ltr'><strong>digressus</strong></span> <span class='ocrx_word' id='word_1_116' title='bbox 763 1962 825 2020; x_wconf 80' lang='lat' dir='ltr'><strong>est.</strong></span> <span class='ocrx_word' id='word_1_117' title='bbox 851 1988 901 2003; x_wconf 89' lang='lat'><em>-</em></span> <span class='ocrx_word' id='word_1_118' title='bbox 929 1948 984 2021; x_wconf 73' lang='lat'><strong>26.</strong></span> <span class='ocrx_word' id='word_1_119' title='bbox 1008 1942 1233 2022; x_wconf 77' lang='lat' dir='ltr'><strong>Tetrarchas</strong></span> <span class='ocrx_word' id='word_1_120' title='bbox 1247 1970 1425 2051; x_wconf 75' lang='lat' dir='ltr'><strong>regesque</strong></span> <span class='ocrx_word' id='word_1_121' title='bbox 1444 1945 1590 2021; x_wconf 89' lang='lat' dir='ltr'><strong>territos</strong></span> <span class='ocrx_word' id='word_1_122' title='bbox 1612 1945 1730 2019; x_wconf 88' lang='lat' dir='ltr'><strong>animi</strong></span> <span class='ocrx_word' id='word_1_123' title='bbox 1753 1943 1806 2016; x_wconf 85' lang='lat' dir='ltr'><strong>lir-</strong></span> 
     </span>
     <span class='ocr_line' id='line_1_15' title="bbox 420 2065 1804 2166; baseline -0.003 -25"><span class='ocrx_word' id='word_1_124' title='bbox 420 2066 546 2142; x_wconf 82' lang='lat' dir='ltr'><strong>mavit.</strong></span> <span class='ocrx_word' id='word_1_125' title='bbox 572 2115 622 2129; x_wconf 94' lang='grc'>-</span> <span class='ocrx_word' id='word_1_126' title='bbox 649 2096 705 2166; x_wconf 83' lang='lat'><strong>27.</strong></span> <span class='ocrx_word' id='word_1_127' title='bbox 727 2068 849 2144; x_wconf 91' lang='lat' dir='ltr'><strong>Simul</strong></span> <span class='ocrx_word' id='word_1_128' title='bbox 873 2094 934 2143; x_wconf 87' lang='lat' dir='ltr'><strong>eos</strong></span> <span class='ocrx_word' id='word_1_129' title='bbox 965 2084 1004 2145; x_wconf 86' lang='lat' dir='ltr'><strong>et</strong></span> <span class='ocrx_word' id='word_1_130' title='bbox 1026 2086 1183 2145; x_wconf 86' lang='lat' dir='ltr'><strong>cunctos</strong></span> <span class='ocrx_word' id='word_1_131' title='bbox 1205 2069 1283 2145; x_wconf 88' lang='lat' dir='ltr'><strong>iam</strong></span> <span class='ocrx_word' id='word_1_132' title='bbox 1315 2069 1518 2145; x_wconf 86' lang='lat' dir='ltr'><strong>inclinatos</strong></span> <span class='ocrx_word' id='word_1_133' title='bbox 1549 2068 1703 2143; x_wconf 81' lang='lat' dir='ltr'><strong>laxitate</strong></span> <span class='ocrx_word' id='word_1_134' title='bbox 1721 2065 1804 2151; x_wconf 81' lang='lat' dir='ltr'><strong>loci,</strong></span> 
     </span>
     <span class='ocr_line' id='line_1_16' title="bbox 420 2190 1805 2296; baseline -0.001 -33"><span class='ocrx_word' id='word_1_135' title='bbox 420 2190 549 2294; x_wconf 86' lang='lat' dir='ltr'><strong>plures</strong></span> <span class='ocrx_word' id='word_1_136' title='bbox 567 2190 739 2267; x_wconf 86' lang='lat' dir='ltr'><strong>cohortes</strong></span> <span class='ocrx_word' id='word_1_137' title='bbox 756 2206 873 2293; x_wconf 87' lang='lat' dir='ltr'><strong>atque</strong></span> <span class='ocrx_word' id='word_1_138' title='bbox 896 2218 1047 2280; x_wconf 84' lang='lat' dir='ltr'><strong>omnes,</strong></span> <span class='ocrx_word' id='word_1_139' title='bbox 1075 2194 1175 2268; x_wconf 88' lang='lat' dir='ltr'><strong>utin</strong></span> <span class='ocrx_word' id='word_1_140' title='bbox 1187 2193 1353 2269; x_wconf 80' lang='lat' dir='ltr'><strong>secunda</strong></span> <span class='ocrx_word' id='word_1_141' title='bbox 1372 2220 1413 2267; x_wconf 90' lang='lat' dir='ltr'><strong>re</strong></span> <span class='ocrx_word' id='word_1_142' title='bbox 1425 2192 1568 2296; x_wconf 84' lang='lat' dir='ltr'><strong>pariter</strong></span> <span class='ocrx_word' id='word_1_143' title='bbox 1584 2218 1688 2281; x_wconf 80' lang='lat' dir='ltr'><strong>acre,</strong></span> <span class='ocrx_word' id='word_1_144' title='bbox 1712 2191 1805 2265; x_wconf 84' lang='lat' dir='ltr'><strong>inra-</strong></span> 
     </span>
     <span class='ocr_line' id='line_1_17' title="bbox 420 2308 1804 2420; baseline 0.001 -33"><span class='ocrx_word' id='word_1_145' title='bbox 420 2312 529 2387; x_wconf 80' lang='lat' dir='ltr'><strong>dunt.</strong></span> <span class='ocrx_word' id='word_1_146' title='bbox 554 2308 605 2371; x_wconf 70' lang='lat'><strong>-&#39;-</strong></span> <span class='ocrx_word' id='word_1_147' title='bbox 631 2318 687 2389; x_wconf 75' lang='lat'><strong>28.</strong></span> <span class='ocrx_word' id='word_1_148' title='bbox 712 2312 763 2387; x_wconf 91' lang='lat' dir='ltr'><strong>Hi</strong></span> <span class='ocrx_word' id='word_1_149' title='bbox 788 2312 962 2389; x_wconf 89' lang='lat' dir='ltr'><strong>locorum</strong></span> <span class='ocrx_word' id='word_1_150' title='bbox 987 2315 1164 2420; x_wconf 77' lang='lat' dir='ltr'><strong>pergnari</strong></span> <span class='ocrx_word' id='word_1_151' title='bbox 1192 2332 1232 2391; x_wconf 88' lang='lat' dir='ltr'><strong>et</strong></span> <span class='ocrx_word' id='word_1_152' title='bbox 1248 2316 1349 2391; x_wconf 89' lang='lat' dir='ltr'><strong>soliti</strong></span> <span class='ocrx_word' id='word_1_153' title='bbox 1372 2332 1522 2393; x_wconf 79' lang='lat' dir='ltr'><strong>nectere</strong></span> <span class='ocrx_word' id='word_1_154' title='bbox 1542 2342 1590 2391; x_wconf 84' lang='lat' dir='ltr'><strong>ex</strong></span> <span class='ocrx_word' id='word_1_155' title='bbox 1610 2315 1804 2391; x_wconf 80' lang='lat' dir='ltr'><strong>viminibus</strong></span> 
     </span>
     <span class='ocr_line' id='line_1_18' title="bbox 420 2435 1803 2543; baseline 0.001 -33"><span class='ocrx_word' id='word_1_156' title='bbox 420 2460 504 2511; x_wconf 82' lang='lat' dir='ltr'><strong>vasa</strong></span> <span class='ocrx_word' id='word_1_157' title='bbox 526 2436 709 2539; x_wconf 83' lang='lat' dir='ltr'><strong>agrestia,</strong></span> <span class='ocrx_word' id='word_1_158' title='bbox 735 2435 790 2511; x_wconf 92' lang='lat' dir='ltr'><strong>ibi</strong></span> <span class='ocrx_word' id='word_1_159' title='bbox 821 2452 926 2526; x_wconf 89' lang='lat' dir='ltr'><strong>tum,</strong></span> <span class='ocrx_word' id='word_1_160' title='bbox 963 2437 1069 2538; x_wconf 87' lang='lat' dir='ltr'><strong>quod</strong></span> <span class='ocrx_word' id='word_1_161' title='bbox 1099 2438 1229 2543; x_wconf 86' lang='lat' dir='ltr'><strong>inopia</strong></span> <span class='ocrx_word' id='word_1_162' title='bbox 1260 2455 1458 2515; x_wconf 83' lang='lat' dir='ltr'><strong>scutorum</strong></span> <span class='ocrx_word' id='word_1_163' title='bbox 1485 2438 1634 2529; x_wconf 83' lang='lat' dir='ltr'><strong>fuerat,</strong></span> <span class='ocrx_word' id='word_1_164' title='bbox 1657 2439 1708 2515; x_wconf 89' lang='lat' dir='ltr'><strong>ad</strong></span> <span class='ocrx_word' id='word_1_165' title='bbox 1731 2464 1803 2515; x_wconf 84' lang='lat' dir='ltr'><strong>eam</strong></span> 
     </span>
     <span class='ocr_line' id='line_1_19' title="bbox 421 2558 1804 2665; baseline 0.001 -32"><span class='ocrx_word' id='word_1_166' title='bbox 421 2575 543 2635; x_wconf 87' lang='lat' dir='ltr'><strong>artem</strong></span> <span class='ocrx_word' id='word_1_167' title='bbox 562 2584 600 2633; x_wconf 88' lang='lat' dir='ltr'><strong>se</strong></span> <span class='ocrx_word' id='word_1_168' title='bbox 620 2560 781 2661; x_wconf 83' lang='lat' dir='ltr'><strong>quisque</strong></span> <span class='ocrx_word' id='word_1_169' title='bbox 796 2559 838 2635; x_wconf 90' lang='lat' dir='ltr'><strong>in</strong></span> <span class='ocrx_word' id='word_1_170' title='bbox 856 2558 1019 2635; x_wconf 86' lang='lat' dir='ltr'><strong>formam</strong></span> <span class='ocrx_word' id='word_1_171' title='bbox 1035 2586 1177 2664; x_wconf 82' lang='lat' dir='ltr'><strong>parmae</strong></span> <span class='ocrx_word' id='word_1_172' title='bbox 1192 2562 1374 2665; x_wconf 80' lang='lat' dir='ltr'><strong>equestris</strong></span> <span class='ocrx_word' id='word_1_173' title='bbox 1395 2560 1577 2640; x_wconf 75' lang='lat' dir='ltr'><strong>armabat</strong></span> <span class='ocrx_word' id='word_1_174' title='bbox 1601 2610 1653 2635; x_wconf 73' lang='grc'><strong>..-</strong></span> <span class='ocrx_word' id='word_1_175' title='bbox 1678 2586 1731 2658; x_wconf 71' lang='lat'><strong>²9</strong></span> <span class='ocrx_word' id='word_1_176' title='bbox 1754 2564 1804 2635; x_wconf 90' lang='lat' dir='ltr'><strong>De</strong></span> 
     </span>
     <span class='ocr_line' id='line_1_20' title="bbox 419 2682 1803 2789; baseline -0.001 -34"><span class='ocrx_word' id='word_1_177' title='bbox 419 2706 556 2783; x_wconf 85' lang='lat' dir='ltr'><strong>pecore</strong></span> <span class='ocrx_word' id='word_1_178' title='bbox 589 2682 692 2757; x_wconf 86' lang='lat' dir='ltr'><strong>coria</strong></span> <span class='ocrx_word' id='word_1_179' title='bbox 719 2706 848 2759; x_wconf 82' lang='lat' dir='ltr'><strong>reeens</strong></span> <span class='ocrx_word' id='word_1_180' title='bbox 878 2682 1046 2759; x_wconf 81' lang='lat' dir='ltr'><strong>detracta</strong></span> <span class='ocrx_word' id='word_1_181' title='bbox 1067 2685 1188 2786; x_wconf 75' lang='lat' dir='ltr'><strong>quasi]</strong></span> <span class='ocrx_word' id='word_1_182' title='bbox 1204 2685 1355 2789; x_wconf 82' lang='lat' dir='ltr'><strong>glutino</strong></span> <span class='ocrx_word' id='word_1_183' title='bbox 1388 2685 1662 2761; x_wconf 76' lang='lat' dir='ltr'><strong>adolescebant.</strong></span> <span class='ocrx_word' id='word_1_184' title='bbox 1684 2726 1734 2742; x_wconf 90' lang='lat'>-</span> <span class='ocrx_word' id='word_1_185' title='bbox 1756 2690 1803 2757; x_wconf 77' lang='lat'><strong>30.</strong></span> 
     </span>
     <span class='ocr_line' id='line_1_21' title="bbox 421 2803 1804 2913; baseline 0.002 -37"><span class='ocrx_word' id='word_1_186' title='bbox 421 2803 578 2879; x_wconf 76' lang='lat' dir='ltr'><strong>Aridior</strong></span> <span class='ocrx_word' id='word_1_187' title='bbox 591 2804 706 2879; x_wconf 91' lang='lat' dir='ltr'><strong>modo</strong></span> <span class='ocrx_word' id='word_1_188' title='bbox 726 2804 957 2909; x_wconf 86' lang='lat' dir='ltr'><strong>properandi</strong></span> <span class='ocrx_word' id='word_1_189' title='bbox 974 2805 1104 2882; x_wconf 84' lang='lat' dir='ltr'><strong>factus.</strong></span> <span class='ocrx_word' id='word_1_190' title='bbox 1130 2854 1182 2873; x_wconf 83' lang='grc'><strong>-</strong></span> <span class='ocrx_word' id='word_1_191' title='bbox 1208 2812 1264 2881; x_wconf 79' lang='lat'><strong>31.</strong></span> <span class='ocrx_word' id='word_1_192' title='bbox 1291 2808 1447 2883; x_wconf 88' lang='lat' dir='ltr'><strong>Consilii</strong></span> <span class='ocrx_word' id='word_1_193' title='bbox 1461 2834 1565 2913; x_wconf 79' lang='lat' dir='ltr'><strong>aeger.</strong></span> <span class='ocrx_word' id='word_1_194' title='bbox 1590 2853 1643 2871; x_wconf 91' lang='lat'>-</span> <span class='ocrx_word' id='word_1_195' title='bbox 1670 2812 1724 2883; x_wconf 77' lang='lat'><strong>32.</strong></span> <span class='ocrx_word' id='word_1_196' title='bbox 1745 2808 1804 2879; x_wconf 81' lang='lat' dir='ltr'><strong>lie·</strong></span> 
     </span>
     <span class='ocr_line' id='line_1_22' title="bbox 420 2924 1801 3033; baseline 0.001 -34"><span class='ocrx_word' id='word_1_197' title='bbox 420 2924 518 3000; x_wconf 86' lang='lat' dir='ltr'><strong>vorsi</strong></span> <span class='ocrx_word' id='word_1_198' title='bbox 536 2943 685 3030; x_wconf 86' lang='lat' dir='ltr'><strong>postero</strong></span> <span class='ocrx_word' id='word_1_199' title='bbox 702 2927 782 3019; x_wconf 90' lang='lat' dir='ltr'><strong>die,</strong></span> <span class='ocrx_word' id='word_1_200' title='bbox 808 2926 951 3019; x_wconf 83' lang='lat' dir='ltr'><strong>multa,</strong></span> <span class='ocrx_word' id='word_1_201' title='bbox 976 2954 1062 3030; x_wconf 77' lang='lat' dir='ltr'><strong>quae</strong></span> <span class='ocrx_word' id='word_1_202' title='bbox 1087 2946 1331 3033; x_wconf 83' lang='lat' dir='ltr'><strong>properantes</strong></span> <span class='ocrx_word' id='word_1_203' title='bbox 1348 2929 1591 3007; x_wconf 86' lang='lat' dir='ltr'><strong>deseruerant</strong></span> <span class='ocrx_word' id='word_1_204' title='bbox 1605 2932 1650 3007; x_wconf 91' lang='lat' dir='ltr'><strong>in</strong></span> <span class='ocrx_word' id='word_1_205' title='bbox 1670 2928 1801 3013; x_wconf 84' lang='lat' dir='ltr'><strong>castris,</strong></span> 
     </span>
     <span class='ocr_line' id='line_1_23' title="bbox 1865 3059 1866 3090; baseline 0 0"><span class='ocrx_word' id='word_1_206' title='bbox 1865 3059 1866 3090; x_wconf 83' lang='lat' dir='ltr'><strong>l</strong></span> 
     </span>
     <span class='ocr_line' id='line_1_24' title="bbox 401 3097 1866 3245; baseline 0.008 -31"><span class='ocrx_word' id='word_1_207' title='bbox 401 3154 550 3231; x_wconf 70' lang='lat' dir='ltr'><strong>,confusa</strong></span> <span class='ocrx_word' id='word_1_208' title='bbox 566 3184 609 3203; x_wconf 89' lang='lat'><em>-</em></span> <span class='ocrx_word' id='word_1_209' title='bbox 633 3154 678 3215; x_wconf 75' lang='lat'><strong>15.</strong></span> <span class='ocrx_word' id='word_1_210' title='bbox 700 3154 735 3221; x_wconf 88' lang='lat' dir='ltr'><strong>C.</strong></span> <span class='ocrx_word' id='word_1_211' title='bbox 750 3154 797 3215; x_wconf 84' lang='lat' dir='ltr'><strong>Fr.</strong></span> <span class='ocrx_word' id='word_1_212' title='bbox 816 3176 883 3235; x_wconf 80' lang='lat' dir='ltr'><strong>por.</strong></span> <span class='ocrx_word' id='word_1_213' title='bbox 903 3190 945 3206; x_wconf 84' lang='lat'><em>-</em></span> <span class='ocrx_word' id='word_1_214' title='bbox 981 3158 1026 3217; x_wconf 84' lang='lat'><strong>16.</strong></span> <span class='ocrx_word' id='word_1_215' title='bbox 1047 3156 1089 3218; x_wconf 85' lang='lat' dir='ltr'><strong>id.</strong></span> <span class='ocrx_word' id='word_1_216' title='bbox 1109 3157 1196 3217; x_wconf 73' lang='lat' dir='ltr'><strong>inter.</strong></span> <span class='ocrx_word' id='word_1_217' title='bbox 1215 3190 1258 3205; x_wconf 89' lang='lat'>-</span> <span class='ocrx_word' id='word_1_218' title='bbox 1281 3180 1327 3241; x_wconf 87' lang='lat'><strong>¹7·</strong></span> <span class='ocrx_word' id='word_1_219' title='bbox 1347 3160 1476 3235; x_wconf 63' lang='lat' dir='ltr'><strong>Nomi,</strong></span> <span class='ocrx_word' id='word_1_220' title='bbox 1493 3182 1564 3243; x_wconf 83' lang='lat'><strong>9⁰⁰·</strong></span> <span class='ocrx_word' id='word_1_221' title='bbox 1583 3162 1798 3245; x_wconf 62' lang='lat' dir='ltr'><strong>providebatur·</strong></span> <span class='ocrx_word' id='word_1_222' title='bbox 1865 3097 1866 3150; x_wconf 44' lang='lat' dir='ltr'><strong>i</strong></span> 
     </span>
     <span class='ocr_line' id='line_1_25' title="bbox 418 3257 1798 3343; baseline 0.001 -24"><span class='ocrx_word' id='word_1_223' title='bbox 418 3280 468 3339; x_wconf 83' lang='lat' dir='ltr'><strong>ap.</strong></span> <span class='ocrx_word' id='word_1_224' title='bbox 483 3257 620 3319; x_wconf 86' lang='lat' dir='ltr'><strong>Gothosr.</strong></span> <span class='ocrx_word' id='word_1_225' title='bbox 635 3259 796 3319; x_wconf 72' lang='lat' dir='ltr'><strong>hobebmur</strong></span> <span class='ocrx_word' id='word_1_226' title='bbox 809 3262 922 3343; x_wconf 80' lang='lat' dir='ltr'><strong>legitur.</strong></span> <span class='ocrx_word' id='word_1_227' title='bbox 942 3296 985 3310; x_wconf 88' lang='lat'><em>-</em></span> <span class='ocrx_word' id='word_1_228' title='bbox 1009 3264 1054 3323; x_wconf 81' lang='lat'><strong>18.</strong></span> <span class='ocrx_word' id='word_1_229' title='bbox 1068 3262 1147 3322; x_wconf 82' lang='lat' dir='ltr'><strong>Non.</strong></span> <span class='ocrx_word' id='word_1_230' title='bbox 1158 3262 1196 3336; x_wconf 70' lang='lat'><strong>4,</strong></span> <span class='ocrx_word' id='word_1_231' title='bbox 1208 3264 1310 3323; x_wconf 69' lang='lat' dir='ltr'><strong>sa-</strong></span> <span class='ocrx_word' id='word_1_232' title='bbox 1332 3284 1379 3343; x_wconf 81' lang='lat'><strong>¹9·</strong></span> <span class='ocrx_word' id='word_1_233' title='bbox 1400 3264 1436 3335; x_wconf 75' lang='lat' dir='ltr'><strong>G.</strong></span> <span class='ocrx_word' id='word_1_234' title='bbox 1448 3264 1495 3331; x_wconf 73' lang='lat' dir='ltr'><strong>rr.</strong></span> <span class='ocrx_word' id='word_1_235' title='bbox 1506 3266 1664 3328; x_wconf 71' lang='lat' dir='ltr'><strong>cralton·</strong></span> <span class='ocrx_word' id='word_1_236' title='bbox 1685 3267 1798 3329; x_wconf 76' lang='lat' dir='ltr'><strong>nullon</strong></span> 
     </span>
     <span class='ocr_line' id='line_1_26' title="bbox 423 3362 1797 3447; baseline 0.009 -26"><span class='ocrx_word' id='word_1_237' title='bbox 423 3366 478 3435; x_wconf 77' lang='lat' dir='ltr'><strong>rs,</strong></span> <span class='ocrx_word' id='word_1_238' title='bbox 492 3383 537 3423; x_wconf 78' lang='lat' dir='ltr'><strong>aa.</strong></span> <span class='ocrx_word' id='word_1_239' title='bbox 558 3362 760 3424; x_wconf 73' lang='lat' dir='ltr'><strong>Ariobarzani</strong></span> <span class='ocrx_word' id='word_1_240' title='bbox 775 3364 895 3446; x_wconf 78' lang='lat' dir='ltr'><strong>legitur,</strong></span> <span class='ocrx_word' id='word_1_241' title='bbox 916 3366 998 3447; x_wconf 92' lang='lat' dir='ltr'><strong>quod</strong></span> <span class='ocrx_word' id='word_1_242' title='bbox 1019 3366 1233 3447; x_wconf 84' lang='lat' dir='ltr'><strong>reponendum.</strong></span> <span class='ocrx_word' id='word_1_243' title='bbox 1253 3399 1295 3415; x_wconf 85' lang='lat'><em>-</em></span> <span class='ocrx_word' id='word_1_244' title='bbox 1325 3388 1372 3427; x_wconf 74' lang='grc' dir='ltr'><strong>ιι.</strong></span> <span class='ocrx_word' id='word_1_245' title='bbox 1394 3369 1481 3434; x_wconf 83' lang='lat' dir='ltr'><strong>Prisc.</strong></span> <span class='ocrx_word' id='word_1_246' title='bbox 1495 3371 1530 3445; x_wconf 82' lang='grc'><strong>6,</strong></span> <span class='ocrx_word' id='word_1_247' title='bbox 1549 3390 1602 3447; x_wconf 81' lang='grc' dir='ltr'><strong>ιι,</strong></span> <span class='ocrx_word' id='word_1_248' title='bbox 1625 3374 1742 3434; x_wconf 73' lang='lat' dir='ltr'><strong>ass-</strong></span> <span class='ocrx_word' id='word_1_249' title='bbox 1760 3390 1797 3433; x_wconf 76' lang='lat' dir='ltr'><strong>aa.</strong></span> 
     </span>
    </p>
   </div>
   <div class='ocr_carea' id='block_1_3' title="bbox 413 3464 1865 4073">
    <p class='ocr_par' dir='ltr' id='par_1_3' title="bbox 413 3464 1865 4073">
     <span class='ocr_line' id='line_1_27' title="bbox 419 3464 1796 3557; baseline 0.008 -35"><span class='ocrx_word' id='word_1_250' title='bbox 419 3464 498 3524; x_wconf 82' lang='lat' dir='ltr'><strong>Non.</strong></span> <span class='ocrx_word' id='word_1_251' title='bbox 517 3469 569 3542; x_wconf 73' lang='lat' dir='ltr'><strong>rs,</strong></span> <span class='ocrx_word' id='word_1_252' title='bbox 584 3470 632 3528; x_wconf 77' lang='lat' dir='ltr'><strong>as.</strong></span> <span class='ocrx_word' id='word_1_253' title='bbox 651 3501 694 3517; x_wconf 90' lang='lat'>-</span> <span class='ocrx_word' id='word_1_254' title='bbox 717 3467 767 3533; x_wconf 78' lang='lat'><strong>23.</strong></span> <span class='ocrx_word' id='word_1_255' title='bbox 779 3466 858 3529; x_wconf 85' lang='lat' dir='ltr'><strong>Non.</strong></span> <span class='ocrx_word' id='word_1_256' title='bbox 873 3470 909 3544; x_wconf 83' lang='lat'><strong>8,</strong></span> <span class='ocrx_word' id='word_1_257' title='bbox 929 3471 978 3551; x_wconf 90' lang='lat'><strong>76.</strong></span> <span class='ocrx_word' id='word_1_258' title='bbox 998 3504 1040 3518; x_wconf 90' lang='lat'><em>-</em></span> <span class='ocrx_word' id='word_1_259' title='bbox 1062 3472 1109 3542; x_wconf 71' lang='lat'><strong>²4·</strong></span> <span class='ocrx_word' id='word_1_260' title='bbox 1125 3470 1204 3532; x_wconf 81' lang='lat' dir='ltr'><strong>Non.</strong></span> <span class='ocrx_word' id='word_1_261' title='bbox 1222 3492 1260 3545; x_wconf 80' lang='lat'><strong>2,</strong></span> <span class='ocrx_word' id='word_1_262' title='bbox 1276 3472 1343 3543; x_wconf 67' lang='lat'><strong>²04·</strong></span> <span class='ocrx_word' id='word_1_263' title='bbox 1362 3506 1405 3521; x_wconf 89' lang='lat'><em>-</em></span> <span class='ocrx_word' id='word_1_264' title='bbox 1427 3475 1475 3534; x_wconf 79' lang='lat'><strong>25.</strong></span> <span class='ocrx_word' id='word_1_265' title='bbox 1495 3474 1531 3535; x_wconf 91' lang='lat' dir='ltr'><strong>C.</strong></span> <span class='ocrx_word' id='word_1_266' title='bbox 1547 3479 1594 3536; x_wconf 84' lang='lat' dir='ltr'><strong>Fr.</strong></span> <span class='ocrx_word' id='word_1_267' title='bbox 1605 3477 1687 3557; x_wconf 72' lang='lat' dir='ltr'><strong>da&#39;gr.</strong></span> <span class='ocrx_word' id='word_1_268' title='bbox 1703 3510 1743 3526; x_wconf 89' lang='lat'><em>-</em></span> <span class='ocrx_word' id='word_1_269' title='bbox 1758 3474 1796 3537; x_wconf 75' lang='lat' dir='ltr'><strong>as</strong></span> 
     </span>
     <span class='ocr_line' id='line_1_28' title="bbox 419 3566 1794 3655; baseline 0.01 -30"><span class='ocrx_word' id='word_1_270' title='bbox 419 3566 461 3631; x_wconf 85' lang='lat' dir='ltr'><strong>id.</strong></span> <span class='ocrx_word' id='word_1_271' title='bbox 483 3570 611 3631; x_wconf 80' lang='lat' dir='ltr'><strong>territus.</strong></span> <span class='ocrx_word' id='word_1_272' title='bbox 630 3604 672 3620; x_wconf 85' lang='lat'><em>-</em></span> <span class='ocrx_word' id='word_1_273' title='bbox 695 3592 742 3653; x_wconf 81' lang='lat'><strong>²7·</strong></span> <span class='ocrx_word' id='word_1_274' title='bbox 763 3570 841 3632; x_wconf 87' lang='lat' dir='ltr'><strong>Non.</strong></span> <span class='ocrx_word' id='word_1_275' title='bbox 861 3575 979 3653; x_wconf 56' lang='grc' dir='ltr'><strong>πώς).</strong></span> <span class='ocrx_word' id='word_1_276' title='bbox 1000 3574 1034 3633; x_wconf 85' lang='lat' dir='ltr'><strong>in</strong></span> <span class='ocrx_word' id='word_1_277' title='bbox 1046 3594 1101 3635; x_wconf 80' lang='lat' dir='ltr'><strong>sec.</strong></span> <span class='ocrx_word' id='word_1_278' title='bbox 1115 3574 1148 3633; x_wconf 85' lang='lat' dir='ltr'><strong>in</strong></span> <span class='ocrx_word' id='word_1_279' title='bbox 1164 3596 1214 3655; x_wconf 81' lang='lat' dir='ltr'><strong>ap.</strong></span> <span class='ocrx_word' id='word_1_280' title='bbox 1227 3574 1319 3635; x_wconf 82' lang='lat' dir='ltr'><strong>Goth.</strong></span> <span class='ocrx_word' id='word_1_281' title='bbox 1338 3578 1487 3637; x_wconf 79' lang='lat' dir='ltr'><strong>omissum.</strong></span> <span class='ocrx_word' id='word_1_282' title='bbox 1505 3615 1549 3633; x_wconf 73' lang='lat'><strong>«-</strong></span> <span class='ocrx_word' id='word_1_283' title='bbox 1569 3582 1618 3642; x_wconf 77' lang='lat'><strong>28.</strong></span> <span class='ocrx_word' id='word_1_284' title='bbox 1638 3582 1681 3643; x_wconf 86' lang='lat' dir='ltr'><strong>id.</strong></span> <span class='ocrx_word' id='word_1_285' title='bbox 1701 3584 1744 3653; x_wconf 73' lang='lat' dir='ltr'><strong>rs,</strong></span> <span class='ocrx_word' id='word_1_286' title='bbox 1759 3578 1794 3647; x_wconf 75' lang='lat' dir='ltr'><strong>rt.</strong></span> 
     </span>
     <span class='ocr_line' id='line_1_29' title="bbox 415 3673 1793 3764; baseline 0.009 -33"><span class='ocrx_word' id='word_1_287' title='bbox 415 3673 562 3752; x_wconf 74' lang='lat' dir='ltr'><strong>pergunt-i</strong></span> <span class='ocrx_word' id='word_1_288' title='bbox 572 3676 698 3735; x_wconf 80' lang='lat' dir='ltr'><strong>coniecit</strong></span> <span class='ocrx_word' id='word_1_289' title='bbox 711 3675 821 3737; x_wconf 84' lang='lat' dir='ltr'><strong>Doum.</strong></span> <span class='ocrx_word' id='word_1_290' title='bbox 837 3677 953 3758; x_wconf 75' lang='lat' dir='ltr'><strong>perign.</strong></span> <span class='ocrx_word' id='word_1_291' title='bbox 968 3680 1068 3761; x_wconf 70' lang='lat' dir='ltr'><strong>vulgo.</strong></span> <span class='ocrx_word' id='word_1_292' title='bbox 1087 3712 1129 3727; x_wconf 94' lang='lat'><em>-</em></span> <span class='ocrx_word' id='word_1_293' title='bbox 1159 3698 1205 3760; x_wconf 80' lang='lat'><strong>29.</strong></span> <span class='ocrx_word' id='word_1_294' title='bbox 1227 3678 1304 3743; x_wconf 73' lang='lat' dir='ltr'><strong>Sem.</strong></span> <span class='ocrx_word' id='word_1_295' title='bbox 1316 3680 1353 3740; x_wconf 87' lang='lat' dir='ltr'><strong>ad</strong></span> <span class='ocrx_word' id='word_1_296' title='bbox 1368 3679 1474 3764; x_wconf 78' lang='lat' dir='ltr'><strong>Georg.</strong></span> <span class='ocrx_word' id='word_1_297' title='bbox 1490 3688 1523 3759; x_wconf 75' lang='lat'><strong>3,</strong></span> <span class='ocrx_word' id='word_1_298' title='bbox 1541 3686 1608 3746; x_wconf 82' lang='lat'><strong>155.</strong></span> <span class='ocrx_word' id='word_1_299' title='bbox 1628 3686 1677 3746; x_wconf 80' lang='lat' dir='ltr'><strong>sed</strong></span> <span class='ocrx_word' id='word_1_300' title='bbox 1689 3686 1725 3747; x_wconf 81' lang='lat' dir='ltr'><strong>ad</strong></span> <span class='ocrx_word' id='word_1_301' title='bbox 1737 3684 1793 3744; x_wconf 79' lang='lat' dir='ltr'><strong>len·</strong></span> 
     </span>
     <span class='ocr_line' id='line_1_30' title="bbox 419 3776 1792 3868; baseline 0.012 -32"><span class='ocrx_word' id='word_1_302' title='bbox 419 3796 458 3858; x_wconf 88' lang='lat'><strong>7,</strong></span> <span class='ocrx_word' id='word_1_303' title='bbox 478 3776 556 3837; x_wconf 66' lang='lat'><strong>6322</strong></span> <span class='ocrx_word' id='word_1_304' title='bbox 577 3777 629 3857; x_wconf 74' lang='lat' dir='ltr'><strong>orti</strong></span> <span class='ocrx_word' id='word_1_305' title='bbox 643 3780 681 3838; x_wconf 77' lang='lat' dir='ltr'><strong>de</strong></span> <span class='ocrx_word' id='word_1_306' title='bbox 700 3778 905 3858; x_wconf 61' lang='lat' dir='ltr'><strong>vhnmesooto</strong></span> <span class='ocrx_word' id='word_1_307' title='bbox 918 3792 1003 3843; x_wconf 81' lang='lat' dir='ltr'><strong>scuto</strong></span> <span class='ocrx_word' id='word_1_308' title='bbox 1021 3782 1181 3843; x_wconf 74' lang='lat' dir='ltr'><strong>noemibus</strong></span> <span class='ocrx_word' id='word_1_309' title='bbox 1198 3784 1340 3845; x_wconf 64' lang='lat' dir='ltr'><strong>dalmaria</strong></span> <span class='ocrx_word' id='word_1_310' title='bbox 1358 3786 1447 3845; x_wconf 75' lang='lat' dir='ltr'><strong>corri’s</strong></span> <span class='ocrx_word' id='word_1_311' title='bbox 1466 3788 1551 3866; x_wconf 77' lang='lat' dir='ltr'><strong>quasi</strong></span> <span class='ocrx_word' id='word_1_312' title='bbox 1562 3789 1680 3868; x_wconf 68' lang='lat' dir='ltr'><strong>gladius</strong></span> <span class='ocrx_word' id='word_1_313' title='bbox 1696 3788 1792 3851; x_wconf 67' lang='lat' dir='ltr'><strong>anta</strong></span> 
     </span>
     <span class='ocr_line' id='line_1_31' title="bbox 418 3878 1865 3976; baseline 0.008 -35"><span class='ocrx_word' id='word_1_314' title='bbox 418 3882 522 3941; x_wconf 79' lang='lat' dir='ltr'><strong>oebunt</strong></span> <span class='ocrx_word' id='word_1_315' title='bbox 541 3878 715 3965; x_wconf 72' lang='lat' dir='ltr'><strong>Philarg.nd</strong></span> <span class='ocrx_word' id='word_1_316' title='bbox 729 3881 940 3965; x_wconf 66' lang='lat' dir='ltr'><strong>Georg.4,lo.</strong></span> <span class='ocrx_word' id='word_1_317' title='bbox 962 3884 1335 3947; x_wconf 55' lang='lat' dir='ltr'><strong>&amp;consummatorem</strong></span> <span class='ocrx_word' id='word_1_318' title='bbox 1355 3888 1467 3949; x_wconf 83' lang='lat' dir='ltr'><strong>Charis.</strong></span> <span class='ocrx_word' id='word_1_319' title='bbox 1477 3912 1510 3971; x_wconf 89' lang='lat' dir='ltr'><strong>p.</strong></span> <span class='ocrx_word' id='word_1_320' title='bbox 1522 3893 1571 3976; x_wconf 74' lang='lat'><strong>61.</strong></span> <span class='ocrx_word' id='word_1_321' title='bbox 1583 3903 1613 3953; x_wconf 86' lang='lat' dir='ltr'><strong>et</strong></span> <span class='ocrx_word' id='word_1_322' title='bbox 1627 3897 1737 3956; x_wconf 72' lang='grc' dir='ltr'><strong>ωδ.-</strong></span> <span class='ocrx_word' id='word_1_323' title='bbox 1751 3892 1789 3954; x_wconf 74' lang='lat' dir='ltr'><strong>to.</strong></span> <span class='ocrx_word' id='word_1_324' title='bbox 1864 3889 1865 3964; x_wconf 49' lang='grc' dir='ltr'><strong>ζ</strong></span> 
     </span>
     <span class='ocr_line' id='line_1_32' title="bbox 413 3980 1787 4073; baseline 0.012 -30"><span class='ocrx_word' id='word_1_325' title='bbox 413 3980 453 4044; x_wconf 78' lang='lat' dir='ltr'><strong>C.</strong></span> <span class='ocrx_word' id='word_1_326' title='bbox 468 3990 515 4046; x_wconf 85' lang='lat' dir='ltr'><strong>Fr.</strong></span> <span class='ocrx_word' id='word_1_327' title='bbox 530 3984 690 4045; x_wconf 74' lang='lat' dir='ltr'><strong>widra-</strong></span> <span class='ocrx_word' id='word_1_328' title='bbox 708 3986 757 4047; x_wconf 77' lang='lat'><strong>31.</strong></span> <span class='ocrx_word' id='word_1_329' title='bbox 778 4006 864 4066; x_wconf 73' lang='lat' dir='ltr'><strong>teger.</strong></span> <span class='ocrx_word' id='word_1_330' title='bbox 877 4022 918 4038; x_wconf 92' lang='lat'>-</span> <span class='ocrx_word' id='word_1_331' title='bbox 938 3988 1075 4050; x_wconf 46' lang='grc' dir='ltr'><strong>ὅπλου.</strong></span> <span class='ocrx_word' id='word_1_332' title='bbox 1087 4002 1123 4065; x_wconf 76' lang='lat'><strong>4,</strong></span> <span class='ocrx_word' id='word_1_333' title='bbox 1140 3990 1258 4051; x_wconf 68' lang='lat' dir='ltr'><strong>ain-</strong></span> <span class='ocrx_word' id='word_1_334' title='bbox 1278 3992 1328 4055; x_wconf 74' lang='lat'><strong>33.</strong></span> <span class='ocrx_word' id='word_1_335' title='bbox 1348 3992 1390 4051; x_wconf 78' lang='lat' dir='ltr'><strong>ie.</strong></span> <span class='ocrx_word' id='word_1_336' title='bbox 1403 3996 1438 4066; x_wconf 68' lang='lat' dir='ltr'><strong>l,</strong></span> <span class='ocrx_word' id='word_1_337' title='bbox 1453 3996 1571 4056; x_wconf 74' lang='lat' dir='ltr'><strong>aas·</strong></span> <span class='ocrx_word' id='word_1_338' title='bbox 1590 3997 1640 4071; x_wconf 64' lang='lat'><strong>34.</strong></span> <span class='ocrx_word' id='word_1_339' title='bbox 1659 4000 1700 4061; x_wconf 86' lang='lat' dir='ltr'><strong>id.</strong></span> <span class='ocrx_word' id='word_1_340' title='bbox 1710 4001 1740 4073; x_wconf 71' lang='lat' dir='ltr'><strong>l,</strong></span> <span class='ocrx_word' id='word_1_341' title='bbox 1751 3996 1787 4059; x_wconf 79' lang='lat'><strong>68.</strong></span> 
     </span>
    </p>
   </div>
   <div class='ocr_carea' id='block_1_4' title="bbox 416 4088 1786 4187">
    <p class='ocr_par' dir='ltr' id='par_1_4' title="bbox 416 4088 1786 4187">
     <span class='ocr_line' id='line_1_33' title="bbox 416 4088 1786 4187; baseline 0.017 -45"><span class='ocrx_word' id='word_1_342' title='bbox 416 4124 458 4141; x_wconf 89' lang='grc'><strong>....</strong></span> <span class='ocrx_word' id='word_1_343' title='bbox 479 4090 527 4149; x_wconf 91' lang='grc'><strong>55.</strong></span> <span class='ocrx_word' id='word_1_344' title='bbox 539 4088 628 4149; x_wconf 62' lang='grc' dir='ltr'><strong>(λῇ.</strong></span> <span class='ocrx_word' id='word_1_345' title='bbox 648 4106 772 4171; x_wconf 68' lang='grc' dir='ltr'><strong>οητενςο.</strong></span> <span class='ocrx_word' id='word_1_346' title='bbox 793 4092 843 4153; x_wconf 80' lang='lat'><strong>36.</strong></span> <span class='ocrx_word' id='word_1_347' title='bbox 861 4092 901 4151; x_wconf 85' lang='lat' dir='ltr'><strong>id.</strong></span> <span class='ocrx_word' id='word_1_348' title='bbox 919 4093 1147 4173; x_wconf 68' lang='lat' dir='ltr'><strong>propinquo-</strong></span> <span class='ocrx_word' id='word_1_349' title='bbox 1167 4094 1216 4176; x_wconf 81' lang='lat'><strong>37.</strong></span> <span class='ocrx_word' id='word_1_350' title='bbox 1237 4096 1315 4155; x_wconf 85' lang='lat' dir='ltr'><strong>Non.</strong></span> <span class='ocrx_word' id='word_1_351' title='bbox 1330 4099 1365 4172; x_wconf 69' lang='grc' dir='ltr'><strong>ἆ,</strong></span> <span class='ocrx_word' id='word_1_352' title='bbox 1377 4098 1497 4159; x_wconf 81' lang='lat'><strong>355...</strong></span> <span class='ocrx_word' id='word_1_353' title='bbox 1516 4096 1566 4161; x_wconf 79' lang='lat'><strong>38.</strong></span> <span class='ocrx_word' id='word_1_354' title='bbox 1587 4100 1681 4165; x_wconf 63' lang='lat' dir='ltr'><strong>cAEr.</strong></span> <span class='ocrx_word' id='word_1_355' title='bbox 1695 4114 1786 4187; x_wconf 68' lang='lat' dir='ltr'><strong>poten·</strong></span> 
     </span>
    </p>
   </div>
   <div class='ocr_carea' id='block_1_5' title="bbox 298 4194 1784 4287">
    <p class='ocr_par' dir='ltr' id='par_1_5' title="bbox 298 4194 1784 4287">
     <span class='ocr_line' id='line_1_34' title="bbox 298 4194 1784 4287; baseline 0.012 -33"><span class='ocrx_word' id='word_1_356' title='bbox 298 4230 300 4237; x_wconf 75' lang='lat'>=</span> <span class='ocrx_word' id='word_1_357' title='bbox 415 4196 512 4279; x_wconf 76' lang='lat'><strong>-39.</strong></span> <span class='ocrx_word' id='word_1_358' title='bbox 523 4194 564 4257; x_wconf 87' lang='lat' dir='ltr'><strong>ld.</strong></span> <span class='ocrx_word' id='word_1_359' title='bbox 579 4194 664 4257; x_wconf 81' lang='lat' dir='ltr'><strong>ultus.</strong></span> <span class='ocrx_word' id='word_1_360' title='bbox 686 4196 742 4255; x_wconf 85' lang='lat' dir='ltr'><strong>alti</strong></span> <span class='ocrx_word' id='word_1_361' title='bbox 753 4198 809 4279; x_wconf 79' lang='lat' dir='ltr'><strong>legi</strong></span> <span class='ocrx_word' id='word_1_362' title='bbox 824 4196 948 4257; x_wconf 71' lang='lat' dir='ltr'><strong>iustiti.</strong></span> <span class='ocrx_word' id='word_1_363' title='bbox 960 4198 1063 4258; x_wconf 80' lang='lat' dir='ltr'><strong>Maius.</strong></span> <span class='ocrx_word' id='word_1_364' title='bbox 1084 4198 1152 4261; x_wconf 76' lang='lat' dir='ltr'><strong>nltr&#39;s</strong></span> <span class='ocrx_word' id='word_1_365' title='bbox 1163 4200 1270 4262; x_wconf 74' lang='lat' dir='ltr'><strong>adierit</strong></span> <span class='ocrx_word' id='word_1_366' title='bbox 1280 4200 1395 4277; x_wconf 62' lang='lat' dir='ltr'><strong>Dour-23</strong></span> <span class='ocrx_word' id='word_1_367' title='bbox 1412 4204 1492 4287; x_wconf 88' lang='lat' dir='ltr'><strong>quod</strong></span> <span class='ocrx_word' id='word_1_368' title='bbox 1507 4203 1784 4287; x_wconf 73' lang='lat' dir='ltr'><strong>probo.-to.t²rot.</strong></span> 
     </span>
    </p>
   </div>
   <div class='ocr_carea' id='block_1_6' title="bbox 0 0 1931 4867">
    <p class='ocr_par' dir='ltr' id='par_1_6' title="bbox 0 0 1931 4867">
     <span class='ocr_line' id='line_1_35' title="bbox 0 0 1931 4867; baseline 0 0"><span class='ocrx_word' id='word_1_369' title='bbox 0 0 1931 4867; x_wconf 95' lang='lat' dir='ltr'><strong> </strong></span> 
     </span>
    </p>
   </div>
  </div>
 </body>
</html>
