<?xml version="1.0" encoding="UTF-8"?>
<!DOCTYPE html PUBLIC "-//W3C//DTD XHTML 1.0 Transitional//EN"
    "http://www.w3.org/TR/xhtml1/DTD/xhtml1-transitional.dtd">
<html xmlns="http://www.w3.org/1999/xhtml" xml:lang="en" lang="en">
 <head>
  <title>
</title>
<meta http-equiv="Content-Type" content="text/html;charset=utf-8" />
  <meta name='ocr-system' content='tesseract 3.04.00' />
  <meta name='ocr-capabilities' content='ocr_page ocr_carea ocr_par ocr_line ocrx_word'/>
</head>
<body>
  <div class='ocr_page' id='page_1' title='image "./salustiiquaeexs01sallgoog_0201.png"; bbox 0 0 3850 4867; ppageno 0'>
   <div class='ocr_carea' id='block_1_1' title="bbox 121 298 1575 2459">
    <p class='ocr_par' dir='ltr' id='par_1_1' title="bbox 121 298 1575 2459">
     <span class='ocr_line' id='line_1_1' title="bbox 1451 298 1528 382; baseline 0.039 -3"><span class='ocrx_word' id='word_1_1' title='bbox 1451 298 1528 382; x_wconf 69' lang='lat' dir='ltr'><strong>‘rs&#39;5</strong></span> 
     </span>
     <span class='ocr_line' id='line_1_2' title="bbox 127 483 1531 598; baseline 0.001 -38"><span class='ocrx_word' id='word_1_2' title='bbox 127 483 248 563; x_wconf 81' lang='lat' dir='ltr'><strong>misit:</strong></span> <span class='ocrx_word' id='word_1_3' title='bbox 274 487 344 593; x_wconf 86' lang='lat' dir='ltr'><strong>qui</strong></span> <span class='ocrx_word' id='word_1_4' title='bbox 361 493 508 570; x_wconf 87' lang='lat' dir='ltr'><strong>tametsi</strong></span> <span class='ocrx_word' id='word_1_5' title='bbox 529 493 801 572; x_wconf 90' lang='lat' dir='ltr'><strong>contumeliosa</strong></span> <span class='ocrx_word' id='word_1_6' title='bbox 817 493 919 572; x_wconf 89' lang='lat' dir='ltr'><strong>dicta</strong></span> <span class='ocrx_word' id='word_1_7' title='bbox 939 493 1171 585; x_wconf 81' lang='lat' dir='ltr'><strong>retulerant,</strong></span> <span class='ocrx_word' id='word_1_8' title='bbox 1187 491 1294 598; x_wconf 87' lang='lat' dir='ltr'><strong>prius</strong></span> <span class='ocrx_word' id='word_1_9' title='bbox 1311 505 1440 568; x_wconf 88' lang='lat' dir='ltr'><strong>tamen</strong></span> <span class='ocrx_word' id='word_1_10' title='bbox 1449 512 1531 563; x_wconf 91' lang='lat' dir='ltr'><strong>om·</strong></span> 
     </span>
     <span class='ocr_line' id='line_1_3' title="bbox 124 609 1530 722; baseline 0 -36"><span class='ocrx_word' id='word_1_11' title='bbox 124 609 192 686; x_wconf 86' lang='lat' dir='ltr'><strong>nia</strong></span> <span class='ocrx_word' id='word_1_12' title='bbox 213 613 300 716; x_wconf 87' lang='lat' dir='ltr'><strong>pati</strong></span> <span class='ocrx_word' id='word_1_13' title='bbox 322 615 504 709; x_wconf 87' lang='lat' dir='ltr'><strong>decrevit,</strong></span> <span class='ocrx_word' id='word_1_14' title='bbox 530 645 647 722; x_wconf 78' lang='lat' dir='ltr'><strong>quam</strong></span> <span class='ocrx_word' id='word_1_15' title='bbox 681 619 830 695; x_wconf 92' lang='lat' dir='ltr'><strong>bellum</strong></span> <span class='ocrx_word' id='word_1_16' title='bbox 847 645 1018 694; x_wconf 87' lang='lat' dir='ltr'><strong>sumere:</strong></span> <span class='ocrx_word' id='word_1_17' title='bbox 1052 617 1144 721; x_wconf 87' lang='lat' dir='ltr'><strong>quia</strong></span> <span class='ocrx_word' id='word_1_18' title='bbox 1169 631 1397 721; x_wconf 84' lang='lat' dir='ltr'><strong>temptatum</strong></span> <span class='ocrx_word' id='word_1_19' title='bbox 1417 626 1530 686; x_wconf 80' lang='lat' dir='ltr'><strong>antea</strong></span> 
     </span>
     <span class='ocr_line' id='line_1_4' title="bbox 122 737 1528 849; baseline -0.003 -36"><span class='ocrx_word' id='word_1_20' title='bbox 122 757 230 812; x_wconf 80' lang='lat' dir='ltr'><strong>secus</strong></span> <span class='ocrx_word' id='word_1_21' title='bbox 255 755 421 816; x_wconf 79' lang='lat' dir='ltr'><strong>cesserat</strong></span> <span class='ocrx_word' id='word_1_22' title='bbox 471 744 602 847; x_wconf 84' lang='lat' dir='ltr'><strong>Neque</strong></span> <span class='ocrx_word' id='word_1_23' title='bbox 637 768 682 820; x_wconf 93' lang='lat' dir='ltr'><strong>eo</strong></span> <span class='ocrx_word' id='word_1_24' title='bbox 713 743 830 849; x_wconf 85' lang='lat' dir='ltr'><strong>magis</strong></span> <span class='ocrx_word' id='word_1_25' title='bbox 854 741 1009 848; x_wconf 79' lang='lat' dir='ltr'><strong>¹cupido</strong></span> <span class='ocrx_word' id='word_1_26' title='bbox 1037 739 1233 848; x_wconf 86' lang='lat' dir='ltr'><strong>Iugurthae</strong></span> <span class='ocrx_word' id='word_1_27' title='bbox 1266 737 1528 814; x_wconf 88' lang='lat' dir='ltr'><strong>minuebatur:</strong></span> 
     </span>
     <span class='ocr_line' id='line_1_5' title="bbox 124 859 1530 971; baseline 0 -36"><span class='ocrx_word' id='word_1_28' title='bbox 124 859 274 966; x_wconf 81' lang='lat' dir='ltr'><strong>quippe</strong></span> <span class='ocrx_word' id='word_1_29' title='bbox 296 865 364 968; x_wconf 88' lang='lat' dir='ltr'><strong>qui</strong></span> <span class='ocrx_word' id='word_1_30' title='bbox 384 882 508 941; x_wconf 89' lang='lat' dir='ltr'><strong>totum</strong></span> <span class='ocrx_word' id='word_1_31' title='bbox 529 867 608 941; x_wconf 88' lang='lat' dir='ltr'><strong>eius</strong></span> <span class='ocrx_word' id='word_1_32' title='bbox 630 892 791 971; x_wconf 87' lang='lat' dir='ltr'><strong>regnum</strong></span> <span class='ocrx_word' id='word_1_33' title='bbox 807 866 937 941; x_wconf 89' lang='lat' dir='ltr'><strong>animo</strong></span> <span class='ocrx_word' id='word_1_34' title='bbox 954 867 1031 941; x_wconf 90' lang='lat' dir='ltr'><strong>iam</strong></span> <span class='ocrx_word' id='word_1_35' title='bbox 1050 865 1243 941; x_wconf 86' lang='lat' dir='ltr'><strong>invaserat</strong></span> <span class='ocrx_word' id='word_1_36' title='bbox 1292 867 1426 965; x_wconf 84' lang='lat' dir='ltr'><strong>ltaque</strong></span> <span class='ocrx_word' id='word_1_37' title='bbox 1449 859 1530 936; x_wconf 81' lang='lat' dir='ltr'><strong>non</strong></span> 
     </span>
     <span class='ocr_line' id='line_1_6' title="bbox 123 983 1529 1094; baseline 0.002 -39"><span class='ocrx_word' id='word_1_38' title='bbox 123 983 182 1057; x_wconf 89' lang='lat' dir='ltr'><strong>uti</strong></span> <span class='ocrx_word' id='word_1_39' title='bbox 210 1003 326 1064; x_wconf 89' lang='lat' dir='ltr'><strong>antea</strong></span> <span class='ocrx_word' id='word_1_40' title='bbox 352 1016 443 1064; x_wconf 88' lang='lat' dir='ltr'><strong>cum</strong></span> <span class='ocrx_word' id='word_1_41' title='bbox 462 989 690 1094; x_wconf 75' lang='lat' dir='ltr'><strong>praedatoria</strong></span> <span class='ocrx_word' id='word_1_42' title='bbox 711 1017 853 1081; x_wconf 91' lang='lat' dir='ltr'><strong>manu,</strong></span> <span class='ocrx_word' id='word_1_43' title='bbox 873 991 937 1068; x_wconf 90' lang='lat' dir='ltr'><strong>sed</strong></span> <span class='ocrx_word' id='word_1_44' title='bbox 954 1017 1093 1094; x_wconf 86' lang='lat' dir='ltr'><strong>magno</strong></span> <span class='ocrx_word' id='word_1_45' title='bbox 1117 990 1286 1066; x_wconf 83' lang='lat' dir='ltr'><strong>exercitu</strong></span> <span class='ocrx_word' id='word_1_46' title='bbox 1308 1000 1529 1090; x_wconf 89' lang='lat' dir='ltr'><strong>comparato</strong></span> 
     </span>
     <span class='ocr_line' id='line_1_7' title="bbox 122 1091 1557 1219; baseline 0.002 -38"><span class='ocrx_word' id='word_1_47' title='bbox 122 1091 273 1185; x_wconf 87' lang='lat' dir='ltr'><strong>bellum</strong></span> <span class='ocrx_word' id='word_1_48' title='bbox 298 1139 425 1218; x_wconf 84' lang='lat' dir='ltr'><strong>gerere</strong></span> <span class='ocrx_word' id='word_1_49' title='bbox 452 1115 571 1219; x_wconf 88' lang='lat' dir='ltr'><strong>coepit</strong></span> <span class='ocrx_word' id='word_1_50' title='bbox 591 1129 629 1188; x_wconf 89' lang='lat' dir='ltr'><strong>et</strong></span> <span class='ocrx_word' id='word_1_51' title='bbox 643 1129 773 1218; x_wconf 83' lang='lat' dir='ltr'><strong>aperte</strong></span> <span class='ocrx_word' id='word_1_52' title='bbox 802 1115 917 1191; x_wconf 88' lang='lat' dir='ltr'><strong>totius</strong></span> <span class='ocrx_word' id='word_1_53' title='bbox 950 1115 1140 1191; x_wconf 81' lang='lat' dir='ltr'><strong>Numidia</strong></span> <span class='ocrx_word' id='word_1_54' title='bbox 1170 1113 1376 1218; x_wconf 89' lang='lat' dir='ltr'><strong>imperium</strong></span> <span class='ocrx_word' id='word_1_55' title='bbox 1394 1126 1557 1214; x_wconf 80' lang='lat' dir='ltr'><strong>petere·</strong></span> 
     </span>
     <span class='ocr_line' id='line_1_8' title="bbox 122 1231 1532 1345; baseline -0.001 -37"><span class='ocrx_word' id='word_1_56' title='bbox 122 1233 304 1312; x_wconf 86' lang='lat' dir='ltr'><strong>Ceterum</strong></span> <span class='ocrx_word' id='word_1_57' title='bbox 328 1265 405 1341; x_wconf 87' lang='lat' dir='ltr'><strong>qua</strong></span> <span class='ocrx_word' id='word_1_58' title='bbox 432 1239 630 1344; x_wconf 81' lang='lat' dir='ltr'><strong>pergebat,</strong></span> <span class='ocrx_word' id='word_1_59' title='bbox 647 1239 773 1328; x_wconf 91' lang='lat' dir='ltr'><strong>urhis,</strong></span> <span class='ocrx_word' id='word_1_60' title='bbox 793 1265 899 1345; x_wconf 87' lang='lat' dir='ltr'><strong>agros</strong></span> <span class='ocrx_word' id='word_1_61' title='bbox 926 1255 1093 1331; x_wconf 83' lang='lat' dir='ltr'><strong>vastare,</strong></span> <span class='ocrx_word' id='word_1_62' title='bbox 1114 1237 1260 1344; x_wconf 89' lang='lat' dir='ltr'><strong>praedas</strong></span> <span class='ocrx_word' id='word_1_63' title='bbox 1292 1261 1416 1342; x_wconf 68' lang='lat' dir='ltr'><strong>agere,</strong></span> <span class='ocrx_word' id='word_1_64' title='bbox 1454 1231 1532 1307; x_wconf 87' lang='lat' dir='ltr'><strong>suis</strong></span> 
     </span>
     <span class='ocr_line' id='line_1_9' title="bbox 121 1357 1575 1468; baseline 0.001 -39"><span class='ocrx_word' id='word_1_65' title='bbox 121 1357 316 1453; x_wconf 87' lang='lat' dir='ltr'><strong>animum,</strong></span> <span class='ocrx_word' id='word_1_66' title='bbox 343 1360 515 1438; x_wconf 80' lang='lat' dir='ltr'><strong>hostibus</strong></span> <span class='ocrx_word' id='word_1_67' title='bbox 537 1377 718 1438; x_wconf 90' lang='lat' dir='ltr'><strong>terrorem</strong></span> <span class='ocrx_word' id='word_1_68' title='bbox 747 1389 891 1468; x_wconf 83' lang='lat' dir='ltr'><strong>augere</strong></span> <span class='ocrx_word' id='word_1_69' title='bbox 913 1445 916 1452; x_wconf 64' lang='grc'>,</span> <span class='ocrx_word' id='word_1_70' title='bbox 941 1362 1134 1440; x_wconf 82' lang='lat' dir='ltr'><strong>Adherbal</strong></span> <span class='ocrx_word' id='word_1_71' title='bbox 1159 1362 1229 1440; x_wconf 89' lang='lat' dir='ltr'><strong>uhi</strong></span> <span class='ocrx_word' id='word_1_72' title='bbox 1248 1359 1437 1464; x_wconf 82' lang='lat' dir='ltr'><strong>intellegit</strong></span> <span class='ocrx_word' id='word_1_73' title='bbox 1456 1414 1466 1448; x_wconf 89' lang='lat'><strong>,</strong></span> <span class='ocrx_word' id='word_1_74' title='bbox 1486 1382 1575 1432; x_wconf 79' lang='lat' dir='ltr'><strong>eon</strong></span> 
     </span>
     <span class='ocr_line' id='line_1_10' title="bbox 122 1481 1536 1590; baseline 0.004 -35"><span class='ocrx_word' id='word_1_75' title='bbox 122 1506 360 1583; x_wconf 85' lang='lat' dir='ltr'><strong>processum,</strong></span> <span class='ocrx_word' id='word_1_76' title='bbox 396 1486 455 1562; x_wconf 87' lang='lat' dir='ltr'><strong>uti</strong></span> <span class='ocrx_word' id='word_1_77' title='bbox 476 1513 637 1590; x_wconf 85' lang='lat' dir='ltr'><strong>regnum</strong></span> <span class='ocrx_word' id='word_1_78' title='bbox 663 1497 733 1561; x_wconf 90' lang='lat' dir='ltr'><strong>aut</strong></span> <span class='ocrx_word' id='word_1_79' title='bbox 760 1485 1060 1589; x_wconf 86' lang='lat' dir='ltr'><strong>relinquendum</strong></span> <span class='ocrx_word' id='word_1_80' title='bbox 1079 1502 1172 1562; x_wconf 86' lang='lat' dir='ltr'><strong>esset</strong></span> <span class='ocrx_word' id='word_1_81' title='bbox 1201 1502 1270 1562; x_wconf 85' lang='lat' dir='ltr'><strong>aut</strong></span> <span class='ocrx_word' id='word_1_82' title='bbox 1291 1484 1414 1560; x_wconf 83' lang='lat' dir='ltr'><strong>&#39;armis</strong></span> <span class='ocrx_word' id='word_1_83' title='bbox 1446 1481 1536 1560; x_wconf 89' lang='lat' dir='ltr'><strong>reti·</strong></span> 
     </span>
     <span class='ocr_line' id='line_1_11' title="bbox 124 1605 1533 1717; baseline 0.001 -39"><span class='ocrx_word' id='word_1_84' title='bbox 124 1605 301 1683; x_wconf 86' lang='lat' dir='ltr'><strong>nendum</strong></span> <span class='ocrx_word' id='word_1_85' title='bbox 313 1643 324 1701; x_wconf 83' lang='lat'><em>3</em></span> <span class='ocrx_word' id='word_1_86' title='bbox 366 1610 571 1686; x_wconf 82' lang='lat' dir='ltr'><strong>necessario</strong></span> <span class='ocrx_word' id='word_1_87' title='bbox 601 1610 728 1714; x_wconf 87' lang='lat' dir='ltr'><strong>copias</strong></span> <span class='ocrx_word' id='word_1_88' title='bbox 752 1626 864 1715; x_wconf 89' lang='lat' dir='ltr'><strong>parat</strong></span> <span class='ocrx_word' id='word_1_89' title='bbox 895 1627 934 1686; x_wconf 89' lang='lat' dir='ltr'><strong>et</strong></span> <span class='ocrx_word' id='word_1_90' title='bbox 963 1610 1161 1717; x_wconf 86' lang='lat' dir='ltr'><strong>Iugurthae</strong></span> <span class='ocrx_word' id='word_1_91' title='bbox 1196 1611 1329 1686; x_wconf 84' lang='lat' dir='ltr'><strong>obvius</strong></span> <span class='ocrx_word' id='word_1_92' title='bbox 1352 1605 1533 1714; x_wconf 72' lang='lat' dir='ltr'><strong>procedit</strong></span> 
     </span>
     <span class='ocr_line' id='line_1_12' title="bbox 124 1729 1533 1842; baseline 0.001 -37"><span class='ocrx_word' id='word_1_93' title='bbox 124 1729 288 1807; x_wconf 85' lang='lat' dir='ltr'><strong>Interim</strong></span> <span class='ocrx_word' id='word_1_94' title='bbox 304 1733 412 1810; x_wconf 91' lang='lat' dir='ltr'><strong>haud</strong></span> <span class='ocrx_word' id='word_1_95' title='bbox 428 1734 539 1839; x_wconf 89' lang='lat' dir='ltr'><strong>longe</strong></span> <span class='ocrx_word' id='word_1_96' title='bbox 557 1761 578 1808; x_wconf 92' lang='lat' dir='ltr'><strong>a</strong></span> <span class='ocrx_word' id='word_1_97' title='bbox 595 1734 692 1808; x_wconf 88' lang='lat' dir='ltr'><strong>mari</strong></span> <span class='ocrx_word' id='word_1_98' title='bbox 711 1760 831 1837; x_wconf 89' lang='lat' dir='ltr'><strong>prope</strong></span> <span class='ocrx_word' id='word_1_99' title='bbox 847 1735 991 1810; x_wconf 87' lang='lat' dir='ltr'><strong>Cirtam</strong></span> <span class='ocrx_word' id='word_1_100' title='bbox 1009 1735 1197 1842; x_wconf 89' lang='lat' dir='ltr'><strong>oppidum</strong></span> <span class='ocrx_word' id='word_1_101' title='bbox 1209 1733 1410 1836; x_wconf 82' lang='lat' dir='ltr'><strong>utriusque</strong></span> <span class='ocrx_word' id='word_1_102' title='bbox 1427 1757 1533 1807; x_wconf 66' lang='lat' dir='ltr'><strong>exer«</strong></span> 
     </span>
     <span class='ocr_line' id='line_1_13' title="bbox 124 1853 1531 1963; baseline 0.002 -37"><span class='ocrx_word' id='word_1_103' title='bbox 124 1853 222 1930; x_wconf 86' lang='lat' dir='ltr'><strong>citus</strong></span> <span class='ocrx_word' id='word_1_104' title='bbox 235 1858 425 1948; x_wconf 89' lang='lat' dir='ltr'><strong>consedit,</strong></span> <span class='ocrx_word' id='word_1_105' title='bbox 441 1875 479 1935; x_wconf 91' lang='lat' dir='ltr'><strong>et</strong></span> <span class='ocrx_word' id='word_1_106' title='bbox 499 1858 590 1961; x_wconf 79' lang='lat' dir='ltr'><strong>quia</strong></span> <span class='ocrx_word' id='word_1_107' title='bbox 609 1857 686 1932; x_wconf 93' lang='lat' dir='ltr'><strong>diei</strong></span> <span class='ocrx_word' id='word_1_108' title='bbox 705 1873 916 1934; x_wconf 81' lang='lat' dir='ltr'><strong>extremum</strong></span> <span class='ocrx_word' id='word_1_109' title='bbox 928 1875 1027 1948; x_wconf 85' lang='lat' dir='ltr'><strong>erat,</strong></span> <span class='ocrx_word' id='word_1_110' title='bbox 1046 1859 1224 1963; x_wconf 78' lang='lat' dir='ltr'><strong>praelium</strong></span> <span class='ocrx_word' id='word_1_111' title='bbox 1241 1883 1321 1932; x_wconf 94' lang='lat' dir='ltr'><strong>non</strong></span> <span class='ocrx_word' id='word_1_112' title='bbox 1332 1857 1531 1958; x_wconf 88' lang='lat' dir='ltr'><strong>inceptum</strong></span> 
     </span>
     <span class='ocr_line' id='line_1_14' title="bbox 125 1978 1529 2086; baseline 0.004 -34"><span class='ocrx_word' id='word_1_113' title='bbox 125 1978 196 2053; x_wconf 88' lang='lat' dir='ltr'><strong>Sed</strong></span> <span class='ocrx_word' id='word_1_114' title='bbox 221 1981 294 2056; x_wconf 91' lang='lat' dir='ltr'><strong>uhi</strong></span> <span class='ocrx_word' id='word_1_115' title='bbox 318 1983 546 2086; x_wconf 84' lang='lat' dir='ltr'><strong>plerumque</strong></span> <span class='ocrx_word' id='word_1_116' title='bbox 564 1982 685 2078; x_wconf 83' lang='lat' dir='ltr'><strong>noctis</strong></span> <span class='ocrx_word' id='word_1_117' title='bbox 709 1983 907 2086; x_wconf 88' lang='lat' dir='ltr'><strong>processit,</strong></span> <span class='ocrx_word' id='word_1_118' title='bbox 928 1983 1089 2060; x_wconf 79' lang='lat' dir='ltr'><strong>obscuro</strong></span> <span class='ocrx_word' id='word_1_119' title='bbox 1112 1980 1229 2059; x_wconf 88' lang='lat' dir='ltr'><strong>etiam</strong></span> <span class='ocrx_word' id='word_1_120' title='bbox 1254 1998 1337 2057; x_wconf 89' lang='lat' dir='ltr'><strong>tum</strong></span> <span class='ocrx_word' id='word_1_121' title='bbox 1364 1979 1529 2058; x_wconf 67' lang='lat' dir='ltr'><strong>lumine,</strong></span> 
     </span>
     <span class='ocr_line' id='line_1_15' title="bbox 126 2102 1533 2213; baseline 0.001 -39"><span class='ocrx_word' id='word_1_122' title='bbox 126 2102 265 2180; x_wconf 78' lang='lat' dir='ltr'><strong>milites</strong></span> <span class='ocrx_word' id='word_1_123' title='bbox 297 2107 539 2212; x_wconf 87' lang='lat' dir='ltr'><strong>Iugurthini,</strong></span> <span class='ocrx_word' id='word_1_124' title='bbox 568 2107 675 2213; x_wconf 83' lang='lat' dir='ltr'><strong>signo</strong></span> <span class='ocrx_word' id='word_1_125' title='bbox 698 2108 811 2198; x_wconf 89' lang='lat' dir='ltr'><strong>dato,</strong></span> <span class='ocrx_word' id='word_1_126' title='bbox 841 2125 961 2182; x_wconf 88' lang='lat' dir='ltr'><strong>castra</strong></span> <span class='ocrx_word' id='word_1_127' title='bbox 985 2107 1154 2183; x_wconf 88' lang='lat' dir='ltr'><strong>hostium</strong></span> <span class='ocrx_word' id='word_1_128' title='bbox 1179 2104 1391 2198; x_wconf 72' lang='lat' dir='ltr'><strong>invadunt,</strong></span> <span class='ocrx_word' id='word_1_129' title='bbox 1422 2102 1533 2178; x_wconf 87' lang='lat' dir='ltr'><strong>semi-</strong></span> 
     </span>
     <span class='ocr_line' id='line_1_16' title="bbox 126 2225 1533 2336; baseline 0.001 -36"><span class='ocrx_word' id='word_1_130' title='bbox 126 2251 278 2305; x_wconf 85' lang='lat' dir='ltr'><strong>somnos</strong></span> <span class='ocrx_word' id='word_1_131' title='bbox 294 2231 450 2334; x_wconf 89' lang='lat' dir='ltr'><strong>partim,</strong></span> <span class='ocrx_word' id='word_1_132' title='bbox 464 2232 557 2307; x_wconf 87' lang='lat' dir='ltr'><strong>alios</strong></span> <span class='ocrx_word' id='word_1_133' title='bbox 577 2259 683 2306; x_wconf 90' lang='lat' dir='ltr'><strong>arma</strong></span> <span class='ocrx_word' id='word_1_134' title='bbox 701 2232 883 2306; x_wconf 88' lang='lat' dir='ltr'><strong>sumentis</strong></span> <span class='ocrx_word' id='word_1_135' title='bbox 900 2231 1036 2336; x_wconf 83' lang='lat' dir='ltr'><strong>fugant</strong></span> <span class='ocrx_word' id='word_1_136' title='bbox 1051 2230 1318 2333; x_wconf 83' lang='lat' dir='ltr'><strong>funduntque:</strong></span> <span class='ocrx_word' id='word_1_137' title='bbox 1337 2225 1533 2312; x_wconf 86' lang='lat' dir='ltr'><strong>Adherbal</strong></span> 
     </span>
     <span class='ocr_line' id='line_1_17' title="bbox 128 2355 1531 2459; baseline 0.001 -36"><span class='ocrx_word' id='word_1_138' title='bbox 128 2376 216 2426; x_wconf 90' lang='lat' dir='ltr'><strong>oum</strong></span> <span class='ocrx_word' id='word_1_139' title='bbox 233 2355 366 2458; x_wconf 89' lang='lat' dir='ltr'><strong>paucis</strong></span> <span class='ocrx_word' id='word_1_140' title='bbox 383 2356 575 2458; x_wconf 88' lang='lat' dir='ltr'><strong>equitibus</strong></span> <span class='ocrx_word' id='word_1_141' title='bbox 601 2356 744 2431; x_wconf 86' lang='lat' dir='ltr'><strong>Cirtam</strong></span> <span class='ocrx_word' id='word_1_142' title='bbox 766 2355 959 2459; x_wconf 84' lang='lat' dir='ltr'><strong>profugit,</strong></span> <span class='ocrx_word' id='word_1_143' title='bbox 972 2372 1010 2432; x_wconf 91' lang='lat' dir='ltr'><strong>et</strong></span> <span class='ocrx_word' id='word_1_144' title='bbox 1026 2355 1068 2432; x_wconf 90' lang='lat' dir='ltr'><strong>ni</strong></span> <span class='ocrx_word' id='word_1_145' title='bbox 1087 2355 1297 2430; x_wconf 90' lang='lat' dir='ltr'><strong>multitudo</strong></span> <span class='ocrx_word' id='word_1_146' title='bbox 1317 2367 1531 2458; x_wconf 88' lang='lat' dir='ltr'><strong>togatorum</strong></span> 
     </span>
    </p>
   </div>
   <div class='ocr_carea' id='block_1_2' title="bbox 128 2473 1534 2832">
    <p class='ocr_par' dir='ltr' id='par_1_2' title="bbox 128 2473 1534 2832">
     <span class='ocr_line' id='line_1_18' title="bbox 128 2473 1534 2583; baseline 0.001 -35"><span class='ocrx_word' id='word_1_147' title='bbox 128 2473 273 2568; x_wconf 82' lang='lat' dir='ltr'><strong>fuisset,</strong></span> <span class='ocrx_word' id='word_1_148' title='bbox 307 2505 392 2582; x_wconf 70' lang='lat' dir='ltr'><strong>quse</strong></span> <span class='ocrx_word' id='word_1_149' title='bbox 415 2479 597 2556; x_wconf 90' lang='lat' dir='ltr'><strong>Numidas</strong></span> <span class='ocrx_word' id='word_1_150' title='bbox 626 2479 859 2582; x_wconf 77' lang='lat' dir='ltr'><strong>insequentis</strong></span> <span class='ocrx_word' id='word_1_151' title='bbox 885 2479 1079 2558; x_wconf 81' lang='lat' dir='ltr'><strong>moenibus</strong></span> <span class='ocrx_word' id='word_1_152' title='bbox 1109 2478 1333 2583; x_wconf 87' lang='lat' dir='ltr'><strong>prohibuit,</strong></span> <span class='ocrx_word' id='word_1_153' title='bbox 1367 2503 1449 2552; x_wconf 92' lang='lat' dir='ltr'><strong>uno</strong></span> <span class='ocrx_word' id='word_1_154' title='bbox 1470 2474 1534 2550; x_wconf 87' lang='lat' dir='ltr'><strong>die</strong></span> 
     </span>
     <span class='ocr_line' id='line_1_19' title="bbox 130 2597 1534 2712; baseline 0.001 -41"><span class='ocrx_word' id='word_1_155' title='bbox 130 2597 230 2676; x_wconf 88' lang='lat' dir='ltr'><strong>inter</strong></span> <span class='ocrx_word' id='word_1_156' title='bbox 263 2602 358 2678; x_wconf 89' lang='lat' dir='ltr'><strong>duos</strong></span> <span class='ocrx_word' id='word_1_157' title='bbox 379 2631 480 2708; x_wconf 90' lang='lat' dir='ltr'><strong>reges</strong></span> <span class='ocrx_word' id='word_1_158' title='bbox 505 2601 677 2709; x_wconf 90' lang='lat' dir='ltr'><strong>coeptum</strong></span> <span class='ocrx_word' id='word_1_159' title='bbox 710 2621 824 2706; x_wconf 86' lang='lat' dir='ltr'><strong>atque</strong></span> <span class='ocrx_word' id='word_1_160' title='bbox 854 2621 1051 2712; x_wconf 89' lang='lat' dir='ltr'><strong>patratum</strong></span> <span class='ocrx_word' id='word_1_161' title='bbox 1076 2604 1224 2680; x_wconf 92' lang='lat' dir='ltr'><strong>bellum</strong></span> <span class='ocrx_word' id='word_1_162' title='bbox 1255 2603 1361 2678; x_wconf 88' lang='lat' dir='ltr'><strong>foret.</strong></span> <span class='ocrx_word' id='word_1_163' title='bbox 1411 2600 1534 2705; x_wconf 87' lang='lat' dir='ltr'><strong>Igitur</strong></span> 
     </span>
     <span class='ocr_line' id='line_1_20' title="bbox 130 2720 1534 2832; baseline 0.002 -37"><span class='ocrx_word' id='word_1_164' title='bbox 130 2723 315 2830; x_wconf 84' lang='lat' dir='ltr'><strong>iugurtha</strong></span> <span class='ocrx_word' id='word_1_165' title='bbox 342 2728 528 2832; x_wconf 91' lang='lat' dir='ltr'><strong>oppidum</strong></span> <span class='ocrx_word' id='word_1_166' title='bbox 555 2728 821 2819; x_wconf 87' lang='lat' dir='ltr'><strong>circumsedit,</strong></span> <span class='ocrx_word' id='word_1_167' title='bbox 849 2720 978 2828; x_wconf 27' lang='lat' dir='ltr'><strong>‘vineis</strong></span> <span class='ocrx_word' id='word_1_168' title='bbox 1007 2729 1253 2832; x_wconf 86' lang='lat' dir='ltr'><strong>turribusque</strong></span> <span class='ocrx_word' id='word_1_169' title='bbox 1279 2744 1317 2804; x_wconf 92' lang='lat' dir='ltr'><strong>et</strong></span> <span class='ocrx_word' id='word_1_170' title='bbox 1345 2723 1534 2804; x_wconf 86' lang='lat' dir='ltr'><strong>machinis</strong></span> 
     </span>
    </p>
   </div>
   <div class='ocr_carea' id='block_1_3' title="bbox 131 2948 1536 3864">
    <p class='ocr_par' dir='ltr' id='par_1_3' title="bbox 131 2948 1536 3864">
     <span class='ocr_line' id='line_1_21' title="bbox 131 2948 1535 3034; baseline -0.001 -26"><span class='ocrx_word' id='word_1_171' title='bbox 131 2968 231 3011; x_wconf 86' lang='lat' dir='ltr'><strong>omnes</strong></span> <span class='ocrx_word' id='word_1_172' title='bbox 241 2951 324 3011; x_wconf 77' lang='lat' dir='ltr'><strong>Laid.</strong></span> <span class='ocrx_word' id='word_1_173' title='bbox 346 2962 432 3032; x_wconf 78' lang='lat' dir='ltr'><strong>alque</strong></span> <span class='ocrx_word' id='word_1_174' title='bbox 446 2955 538 3015; x_wconf 86' lang='lat' dir='ltr'><strong>oliam</strong></span> <span class='ocrx_word' id='word_1_175' title='bbox 551 2957 686 3034; x_wconf 67' lang='lat' dir='ltr'><strong>pradum</strong></span> <span class='ocrx_word' id='word_1_176' title='bbox 706 2953 787 3016; x_wconf 79' lang='lat' dir='ltr'><strong>Febr.</strong></span> <span class='ocrx_word' id='word_1_177' title='bbox 799 2976 824 3013; x_wconf 89' lang='lat'><strong>1.</strong></span> <span class='ocrx_word' id='word_1_178' title='bbox 846 2953 981 3014; x_wconf 68' lang='lat' dir='ltr'><strong>Gueltt.</strong></span> <span class='ocrx_word' id='word_1_179' title='bbox 1005 2953 1148 3014; x_wconf 75' lang='lat' dir='ltr'><strong>hostiliter</strong></span> <span class='ocrx_word' id='word_1_180' title='bbox 1167 2952 1234 3012; x_wconf 82' lang='lat' dir='ltr'><strong>loca</strong></span> <span class='ocrx_word' id='word_1_181' title='bbox 1254 2951 1337 3013; x_wconf 79' lang='lat' dir='ltr'><strong>Fahr.</strong></span> <span class='ocrx_word' id='word_1_182' title='bbox 1353 2971 1377 3016; x_wconf 88' lang='grc' dir='ltr'><strong>ι.</strong></span> <span class='ocrx_word' id='word_1_183' title='bbox 1391 2949 1459 3032; x_wconf 81' lang='lat' dir='ltr'><strong>Teg.</strong></span> <span class='ocrx_word' id='word_1_184' title='bbox 1475 2948 1535 3006; x_wconf 80' lang='lat' dir='ltr'><strong>llrl.</strong></span> 
     </span>
     <span class='ocr_line' id='line_1_22' title="bbox 132 3051 1535 3142; baseline -0.001 -29"><span class='ocrx_word' id='word_1_185' title='bbox 132 3051 191 3113; x_wconf 87' lang='lat' dir='ltr'><strong>Bas.</strong></span> <span class='ocrx_word' id='word_1_186' title='bbox 202 3057 231 3128; x_wconf 76' lang='grc'><strong>4.</strong></span> <span class='ocrx_word' id='word_1_187' title='bbox 252 3055 321 3122; x_wconf 87' lang='lat' dir='ltr'><strong>Tur.</strong></span> <span class='ocrx_word' id='word_1_188' title='bbox 344 3057 414 3117; x_wconf 80' lang='lat' dir='ltr'><strong>dein</strong></span> <span class='ocrx_word' id='word_1_189' title='bbox 432 3061 528 3120; x_wconf 89' lang='lat' dir='ltr'><strong>Senat.</strong></span> <span class='ocrx_word' id='word_1_190' title='bbox 544 3081 569 3119; x_wconf 86' lang='lat'><strong>1.</strong></span> <span class='ocrx_word' id='word_1_191' title='bbox 590 3060 699 3120; x_wconf 73' lang='lat' dir='ltr'><strong>dehinc</strong></span> <span class='ocrx_word' id='word_1_192' title='bbox 711 3058 807 3120; x_wconf 86' lang='lat' dir='ltr'><strong>Guell.</strong></span> <span class='ocrx_word' id='word_1_193' title='bbox 821 3081 847 3142; x_wconf 87' lang='lat'><strong>7.</strong></span> <span class='ocrx_word' id='word_1_194' title='bbox 876 3078 905 3119; x_wconf 80' lang='lat' dir='ltr'><strong>sc</strong></span> <span class='ocrx_word' id='word_1_195' title='bbox 922 3057 1065 3119; x_wconf 72' lang='lat' dir='ltr'><strong>convertit</strong></span> <span class='ocrx_word' id='word_1_196' title='bbox 1087 3062 1186 3119; x_wconf 75' lang='lat' dir='ltr'><strong>franc.</strong></span> <span class='ocrx_word' id='word_1_197' title='bbox 1209 3055 1289 3121; x_wconf 70' lang='lat' dir='ltr'><strong>leid.</strong></span> <span class='ocrx_word' id='word_1_198' title='bbox 1304 3076 1335 3114; x_wconf 90' lang='lat' dir='ltr'><strong>n.</strong></span> <span class='ocrx_word' id='word_1_199' title='bbox 1356 3053 1535 3114; x_wconf 80' lang='lat' dir='ltr'><strong>convertitur</strong></span> 
     </span>
     <span class='ocr_line' id='line_1_23' title="bbox 132 3157 1535 3244; baseline -0.001 -28"><span class='ocrx_word' id='word_1_200' title='bbox 132 3157 228 3222; x_wconf 76' lang='lat' dir='ltr'><strong>Heuss.</strong></span> <span class='ocrx_word' id='word_1_201' title='bbox 249 3163 316 3222; x_wconf 85' lang='lat' dir='ltr'><strong>Sen.</strong></span> <span class='ocrx_word' id='word_1_202' title='bbox 330 3183 357 3222; x_wconf 80' lang='lat' dir='ltr'><strong>a.</strong></span> <span class='ocrx_word' id='word_1_203' title='bbox 380 3162 525 3224; x_wconf 89' lang='lat' dir='ltr'><strong>Commel.</strong></span> <span class='ocrx_word' id='word_1_204' title='bbox 547 3164 744 3226; x_wconf 65' lang='lat' dir='ltr'><strong>Automatam</strong></span> <span class='ocrx_word' id='word_1_205' title='bbox 765 3165 869 3224; x_wconf 82' lang='lat' dir='ltr'><strong>dolore</strong></span> <span class='ocrx_word' id='word_1_206' title='bbox 877 3174 1044 3244; x_wconf 82' lang='lat' dir='ltr'><strong>permotum</strong></span> <span class='ocrx_word' id='word_1_207' title='bbox 1064 3163 1126 3223; x_wconf 78' lang='lat' dir='ltr'><strong>Bas.</strong></span> <span class='ocrx_word' id='word_1_208' title='bbox 1141 3183 1166 3224; x_wconf 85' lang='lat' dir='ltr'><strong>t.</strong></span> <span class='ocrx_word' id='word_1_209' title='bbox 1187 3160 1299 3222; x_wconf 84' lang='lat' dir='ltr'><strong>Fabric.</strong></span> <span class='ocrx_word' id='word_1_210' title='bbox 1312 3181 1340 3220; x_wconf 84' lang='lat' dir='ltr'><strong>a.</strong></span> <span class='ocrx_word' id='word_1_211' title='bbox 1363 3170 1418 3219; x_wconf 83' lang='lat' dir='ltr'><strong>tres</strong></span> <span class='ocrx_word' id='word_1_212' title='bbox 1434 3159 1484 3218; x_wconf 79' lang='lat' dir='ltr'><strong>elii</strong></span> <span class='ocrx_word' id='word_1_213' title='bbox 1501 3176 1535 3216; x_wconf 82' lang='lat' dir='ltr'><strong>ex</strong></span> 
     </span>
     <span class='ocr_line' id='line_1_24' title="bbox 133 3262 1536 3354; baseline -0.002 -31"><span class='ocrx_word' id='word_1_214' title='bbox 133 3262 211 3331; x_wconf 86' lang='lat' dir='ltr'><strong>Cort.</strong></span> <span class='ocrx_word' id='word_1_215' title='bbox 232 3287 336 3326; x_wconf 87' lang='lat' dir='ltr'><strong>omnes</strong></span> <span class='ocrx_word' id='word_1_216' title='bbox 349 3267 430 3329; x_wconf 83' lang='lat' dir='ltr'><strong>Leid.</strong></span> <span class='ocrx_word' id='word_1_217' title='bbox 452 3269 535 3330; x_wconf 86' lang='lat' dir='ltr'><strong>Bern.</strong></span> <span class='ocrx_word' id='word_1_218' title='bbox 555 3292 580 3330; x_wconf 90' lang='grc' dir='ltr'><strong>ι.</strong></span> <span class='ocrx_word' id='word_1_219' title='bbox 601 3273 632 3330; x_wconf 90' lang='lat' dir='ltr'><strong>d.</strong></span> <span class='ocrx_word' id='word_1_220' title='bbox 647 3293 678 3354; x_wconf 91' lang='lat' dir='ltr'><strong>p.</strong></span> <span class='ocrx_word' id='word_1_221' title='bbox 698 3268 757 3330; x_wconf 86' lang='lat' dir='ltr'><strong>Ad.</strong></span> <span class='ocrx_word' id='word_1_222' title='bbox 778 3269 855 3330; x_wconf 83' lang='lat' dir='ltr'><strong>llivii</strong></span> <span class='ocrx_word' id='word_1_223' title='bbox 874 3270 952 3330; x_wconf 84' lang='lat' dir='ltr'><strong>libri.</strong></span> <span class='ocrx_word' id='word_1_224' title='bbox 974 3269 1069 3350; x_wconf 82' lang='lat' dir='ltr'><strong>magis</strong></span> <span class='ocrx_word' id='word_1_225' title='bbox 1086 3289 1183 3348; x_wconf 83' lang='lat' dir='ltr'><strong>quom.</strong></span> <span class='ocrx_word' id='word_1_226' title='bbox 1205 3264 1299 3348; x_wconf 74' lang='lat' dir='ltr'><strong>magis</strong></span> <span class='ocrx_word' id='word_1_227' title='bbox 1318 3285 1378 3322; x_wconf 89' lang='lat' dir='ltr'><strong>om.</strong></span> <span class='ocrx_word' id='word_1_228' title='bbox 1404 3263 1484 3323; x_wconf 80' lang='lat' dir='ltr'><strong>Vrat.</strong></span> <span class='ocrx_word' id='word_1_229' title='bbox 1506 3282 1536 3320; x_wconf 80' lang='lat' dir='ltr'><strong>a.</strong></span> 
     </span>
     <span class='ocr_line' id='line_1_25' title="bbox 134 3368 1536 3455; baseline -0.002 -28"><span class='ocrx_word' id='word_1_230' title='bbox 134 3369 354 3451; x_wconf 80' lang='lat' dir='ltr'><strong>misitqroeslum</strong></span> <span class='ocrx_word' id='word_1_231' title='bbox 382 3372 444 3432; x_wconf 79' lang='lat' dir='ltr'><strong>lias.</strong></span> <span class='ocrx_word' id='word_1_232' title='bbox 468 3395 493 3441; x_wconf 86' lang='grc' dir='ltr'><strong>ι.</strong></span> <span class='ocrx_word' id='word_1_233' title='bbox 523 3374 607 3434; x_wconf 81' lang='lat' dir='ltr'><strong>Bam.</strong></span> <span class='ocrx_word' id='word_1_234' title='bbox 624 3379 651 3437; x_wconf 79' lang='lat'><strong>3.</strong></span> <span class='ocrx_word' id='word_1_235' title='bbox 680 3394 816 3454; x_wconf 79' lang='lat' dir='ltr'><strong>nequeeo</strong></span> <span class='ocrx_word' id='word_1_236' title='bbox 834 3375 929 3454; x_wconf 79' lang='lat' dir='ltr'><strong>magis</strong></span> <span class='ocrx_word' id='word_1_237' title='bbox 956 3374 1096 3444; x_wconf 58' lang='lat' dir='ltr'><strong>Bromi.</strong></span> <span class='ocrx_word' id='word_1_238' title='bbox 1126 3372 1195 3455; x_wconf 77' lang='lat' dir='ltr'><strong>‘Ieg-</strong></span> <span class='ocrx_word' id='word_1_239' title='bbox 1215 3371 1311 3435; x_wconf 86' lang='lat' dir='ltr'><strong>Tutic.</strong></span> <span class='ocrx_word' id='word_1_240' title='bbox 1332 3369 1418 3429; x_wconf 85' lang='lat' dir='ltr'><strong>Beru.</strong></span> <span class='ocrx_word' id='word_1_241' title='bbox 1440 3387 1465 3425; x_wconf 90' lang='grc' dir='ltr'><strong>ι.</strong></span> <span class='ocrx_word' id='word_1_242' title='bbox 1496 3368 1536 3425; x_wconf 81' lang='lat' dir='ltr'><strong>ita</strong></span> 
     </span>
     <span class='ocr_line' id='line_1_26' title="bbox 135 3470 1536 3540; baseline -0.003 -8"><span class='ocrx_word' id='word_1_243' title='bbox 135 3471 248 3536; x_wconf 83' lang='lat' dir='ltr'><strong>Gruter.</strong></span> <span class='ocrx_word' id='word_1_244' title='bbox 269 3477 361 3538; x_wconf 83' lang='lat' dir='ltr'><strong>Wass.</strong></span> <span class='ocrx_word' id='word_1_245' title='bbox 382 3477 503 3538; x_wconf 83' lang='lat' dir='ltr'><strong>Harerc.</strong></span> <span class='ocrx_word' id='word_1_246' title='bbox 525 3489 624 3540; x_wconf 80' lang='lat' dir='ltr'><strong>tamon</strong></span> <span class='ocrx_word' id='word_1_247' title='bbox 645 3478 725 3539; x_wconf 80' lang='lat' dir='ltr'><strong>(lort.</strong></span> <span class='ocrx_word' id='word_1_248' title='bbox 747 3479 862 3539; x_wconf 80' lang='lat' dir='ltr'><strong>adiecit.</strong></span> <span class='ocrx_word' id='word_1_249' title='bbox 886 3481 917 3538; x_wconf 89' lang='lat' dir='ltr'><strong>in</strong></span> <span class='ocrx_word' id='word_1_250' title='bbox 935 3479 995 3537; x_wconf 84' lang='lat' dir='ltr'><strong>Erl.</strong></span> <span class='ocrx_word' id='word_1_251' title='bbox 1021 3487 1121 3537; x_wconf 82' lang='lat' dir='ltr'><strong>tamen</strong></span> <span class='ocrx_word' id='word_1_252' title='bbox 1140 3481 1239 3539; x_wconf 86' lang='lat' dir='ltr'><strong>locum</strong></span> <span class='ocrx_word' id='word_1_253' title='bbox 1259 3484 1362 3535; x_wconf 85' lang='lat' dir='ltr'><strong>mutat.</strong></span> <span class='ocrx_word' id='word_1_254' title='bbox 1383 3470 1429 3530; x_wconf 80' lang='lat' dir='ltr'><strong>aa·</strong></span> <span class='ocrx_word' id='word_1_255' title='bbox 1448 3479 1536 3530; x_wconf 80' lang='lat' dir='ltr'><strong>anteo</strong></span> 
     </span>
     <span class='ocr_line' id='line_1_27' title="bbox 134 3575 1536 3664; baseline 0 -26"><span class='ocrx_word' id='word_1_256' title='bbox 134 3577 192 3640; x_wconf 77' lang='lat' dir='ltr'><strong>liat.</strong></span> <span class='ocrx_word' id='word_1_257' title='bbox 209 3603 235 3641; x_wconf 83' lang='lat' dir='ltr'><strong>r.</strong></span> <span class='ocrx_word' id='word_1_258' title='bbox 246 3584 276 3654; x_wconf 70' lang='grc'><strong>4.</strong></span> <span class='ocrx_word' id='word_1_259' title='bbox 296 3580 394 3642; x_wconf 86' lang='lat' dir='ltr'><strong>Turio.</strong></span> <span class='ocrx_word' id='word_1_260' title='bbox 415 3581 500 3649; x_wconf 86' lang='lat' dir='ltr'><strong>Born.</strong></span> <span class='ocrx_word' id='word_1_261' title='bbox 516 3605 541 3645; x_wconf 86' lang='lat'><strong>1.</strong></span> <span class='ocrx_word' id='word_1_262' title='bbox 555 3584 584 3645; x_wconf 79' lang='lat'><strong>3.</strong></span> <span class='ocrx_word' id='word_1_263' title='bbox 604 3586 683 3664; x_wconf 82' lang='lat' dir='ltr'><strong>quod</strong></span> <span class='ocrx_word' id='word_1_264' title='bbox 698 3591 842 3643; x_wconf 76' lang='lat' dir='ltr'><strong>temetum</strong></span> <span class='ocrx_word' id='word_1_265' title='bbox 860 3583 929 3644; x_wconf 74' lang='lat' dir='ltr'><strong>Aac.</strong></span> <span class='ocrx_word' id='word_1_266' title='bbox 951 3582 1048 3643; x_wconf 87' lang='lat' dir='ltr'><strong>Guell.</strong></span> <span class='ocrx_word' id='word_1_267' title='bbox 1065 3605 1110 3642; x_wconf 86' lang='grc' dir='ltr'><strong>ιι.</strong></span> <span class='ocrx_word' id='word_1_268' title='bbox 1136 3602 1183 3644; x_wconf 69' lang='lat' dir='ltr'><strong>ee.</strong></span> <span class='ocrx_word' id='word_1_269' title='bbox 1202 3601 1302 3662; x_wconf 82' lang='lat' dir='ltr'><strong>magn.</strong></span> <span class='ocrx_word' id='word_1_270' title='bbox 1319 3599 1414 3657; x_wconf 87' lang='lat' dir='ltr'><strong>comp.</strong></span> <span class='ocrx_word' id='word_1_271' title='bbox 1435 3575 1496 3635; x_wconf 80' lang='lat' dir='ltr'><strong>Bas.</strong></span> <span class='ocrx_word' id='word_1_272' title='bbox 1510 3597 1536 3638; x_wconf 85' lang='grc' dir='ltr'><strong>ι.</strong></span> 
     </span>
     <span class='ocr_line' id='line_1_28' title="bbox 134 3679 1533 3769; baseline -0.001 -23"><span class='ocrx_word' id='word_1_273' title='bbox 134 3697 310 3768; x_wconf 70' lang='lat' dir='ltr'><strong>congregato</strong></span> <span class='ocrx_word' id='word_1_274' title='bbox 329 3707 368 3745; x_wconf 90' lang='lat' dir='ltr'><strong>m.</strong></span> <span class='ocrx_word' id='word_1_275' title='bbox 383 3705 429 3746; x_wconf 70' lang='lat' dir='ltr'><strong>aa.</strong></span> <span class='ocrx_word' id='word_1_276' title='bbox 450 3688 533 3754; x_wconf 83' lang='lat' dir='ltr'><strong>Fahr.</strong></span> <span class='ocrx_word' id='word_1_277' title='bbox 550 3709 576 3748; x_wconf 82' lang='lat' dir='ltr'><strong>a.</strong></span> <span class='ocrx_word' id='word_1_278' title='bbox 597 3709 664 3748; x_wconf 83' lang='lat' dir='ltr'><strong>cum</strong></span> <span class='ocrx_word' id='word_1_279' title='bbox 679 3707 725 3748; x_wconf 73' lang='lat' dir='ltr'><strong>eat.</strong></span> <span class='ocrx_word' id='word_1_280' title='bbox 744 3709 838 3767; x_wconf 87' lang='lat' dir='ltr'><strong>comp.</strong></span> <span class='ocrx_word' id='word_1_281' title='bbox 860 3689 958 3747; x_wconf 84' lang='lat' dir='ltr'><strong>Guelf.</strong></span> <span class='ocrx_word' id='word_1_282' title='bbox 975 3709 1003 3769; x_wconf 86' lang='lat'><strong>7.</strong></span> <span class='ocrx_word' id='word_1_283' title='bbox 1032 3688 1120 3748; x_wconf 78' lang='lat' dir='ltr'><strong>totius</strong></span> <span class='ocrx_word' id='word_1_284' title='bbox 1132 3688 1201 3768; x_wconf 83' lang='lat' dir='ltr'><strong>imp.</strong></span> <span class='ocrx_word' id='word_1_285' title='bbox 1214 3686 1305 3751; x_wconf 78' lang='lat' dir='ltr'><strong>Nom.</strong></span> <span class='ocrx_word' id='word_1_286' title='bbox 1325 3684 1421 3745; x_wconf 80' lang='lat' dir='ltr'><strong>strar.</strong></span> <span class='ocrx_word' id='word_1_287' title='bbox 1435 3679 1533 3745; x_wconf 80' lang='lat' dir='ltr'><strong>Gucll&#39;.</strong></span> 
     </span>
     <span class='ocr_line' id='line_1_29' title="bbox 135 3790 1216 3864; baseline -0.005 -8"><span class='ocrx_word' id='word_1_288' title='bbox 135 3792 162 3864; x_wconf 73' lang='grc'><strong>4.</strong></span> <span class='ocrx_word' id='word_1_289' title='bbox 182 3791 309 3856; x_wconf 69' lang='lat' dir='ltr'><strong>hostibus</strong></span> <span class='ocrx_word' id='word_1_290' title='bbox 326 3801 469 3852; x_wconf 70' lang='lat' dir='ltr'><strong>wrrorem</strong></span> <span class='ocrx_word' id='word_1_291' title='bbox 488 3791 547 3853; x_wconf 86' lang='lat' dir='ltr'><strong>hoe</strong></span> <span class='ocrx_word' id='word_1_292' title='bbox 560 3793 664 3853; x_wconf 80' lang='lat' dir='ltr'><strong>ordios</strong></span> <span class='ocrx_word' id='word_1_293' title='bbox 680 3813 782 3853; x_wconf 85' lang='lat' dir='ltr'><strong>omnes</strong></span> <span class='ocrx_word' id='word_1_294' title='bbox 798 3793 870 3853; x_wconf 81' lang='lat' dir='ltr'><strong>ferre</strong></span> <span class='ocrx_word' id='word_1_295' title='bbox 884 3793 962 3854; x_wconf 88' lang='lat' dir='ltr'><strong>libri.</strong></span> <span class='ocrx_word' id='word_1_296' title='bbox 984 3801 1055 3853; x_wconf 78' lang='lat' dir='ltr'><strong>terr.</strong></span> <span class='ocrx_word' id='word_1_297' title='bbox 1069 3792 1144 3853; x_wconf 75' lang='lat' dir='ltr'><strong>tort.</strong></span> <span class='ocrx_word' id='word_1_298' title='bbox 1164 3790 1216 3853; x_wconf 70' lang='lat' dir='ltr'><strong>lc.</strong></span> 
     </span>
    </p>
   </div>
   <div class='ocr_carea' id='block_1_4' title="bbox 138 3895 1540 4217">
    <p class='ocr_par' dir='ltr' id='par_1_4' title="bbox 138 3895 1540 4217">
     <span class='ocr_line' id='line_1_30' title="bbox 214 3895 1536 4006; baseline 0.004 -24"><span class='ocrx_word' id='word_1_299' title='bbox 214 3919 289 4000; x_wconf 84' lang='lat' dir='ltr'><strong>Cap.</strong></span> <span class='ocrx_word' id='word_1_300' title='bbox 305 3943 354 3983; x_wconf 84' lang='lat' dir='ltr'><strong>ar.</strong></span> <span class='ocrx_word' id='word_1_301' title='bbox 375 3922 516 4002; x_wconf 77' lang='lat' dir='ltr'><strong>intellegit</strong></span> <span class='ocrx_word' id='word_1_302' title='bbox 535 3921 644 3983; x_wconf 83' lang='lat' dir='ltr'><strong>Fabric.</strong></span> <span class='ocrx_word' id='word_1_303' title='bbox 664 3921 726 3982; x_wconf 81' lang='lat' dir='ltr'><strong>llas.</strong></span> <span class='ocrx_word' id='word_1_304' title='bbox 741 3945 766 3988; x_wconf 86' lang='lat'><strong>1.</strong></span> <span class='ocrx_word' id='word_1_305' title='bbox 793 3923 861 3982; x_wconf 87' lang='lat' dir='ltr'><strong>Sen.</strong></span> <span class='ocrx_word' id='word_1_306' title='bbox 875 3943 901 3982; x_wconf 90' lang='lat'><strong>1.</strong></span> <span class='ocrx_word' id='word_1_307' title='bbox 922 3921 1020 3983; x_wconf 77' lang='lat' dir='ltr'><strong>Guelf.</strong></span> <span class='ocrx_word' id='word_1_308' title='bbox 1033 3923 1063 3994; x_wconf 70' lang='grc'><strong>4.</strong></span> <span class='ocrx_word' id='word_1_309' title='bbox 1082 3895 1220 4006; x_wconf 67' lang='lat' dir='ltr'><strong>prooessit</strong></span> <span class='ocrx_word' id='word_1_310' title='bbox 1239 3921 1306 3986; x_wconf 74' lang='lat' dir='ltr'><strong>tce.</strong></span> <span class='ocrx_word' id='word_1_311' title='bbox 1328 3915 1426 3990; x_wconf 81' lang='lat' dir='ltr'><strong>Guett.</strong></span> <span class='ocrx_word' id='word_1_312' title='bbox 1441 3924 1473 3987; x_wconf 79' lang='grc'><strong>3.</strong></span> <span class='ocrx_word' id='word_1_313' title='bbox 1490 3948 1536 3987; x_wconf 81' lang='lat' dir='ltr'><strong>st.</strong></span> 
     </span>
     <span class='ocr_line' id='line_1_31' title="bbox 138 4026 1540 4108; baseline 0.006 -22"><span class='ocrx_word' id='word_1_314' title='bbox 138 4027 280 4108; x_wconf 63' lang='lat' dir='ltr'><strong>mannae</strong></span> <span class='ocrx_word' id='word_1_315' title='bbox 292 4027 422 4089; x_wconf 72' lang='lat' dir='ltr'><strong>comedit</strong></span> <span class='ocrx_word' id='word_1_316' title='bbox 434 4047 531 4088; x_wconf 76' lang='lat' dir='ltr'><strong>erere.</strong></span> <span class='ocrx_word' id='word_1_317' title='bbox 552 4026 702 4089; x_wconf 77' lang='lat' dir='ltr'><strong>Fabrici.</strong></span> <span class='ocrx_word' id='word_1_318' title='bbox 722 4028 792 4090; x_wconf 87' lang='lat' dir='ltr'><strong>Tur.</strong></span> <span class='ocrx_word' id='word_1_319' title='bbox 818 4038 940 4089; x_wconf 76' lang='lat' dir='ltr'><strong>extrem.</strong></span> <span class='ocrx_word' id='word_1_320' title='bbox 956 4028 1021 4092; x_wconf 70' lang='lat' dir='ltr'><strong>diet</strong></span> <span class='ocrx_word' id='word_1_321' title='bbox 1036 4027 1125 4090; x_wconf 73' lang='lat' dir='ltr'><strong>lead.</strong></span> <span class='ocrx_word' id='word_1_322' title='bbox 1147 4026 1261 4089; x_wconf 83' lang='lat' dir='ltr'><strong>Fabric.</strong></span> <span class='ocrx_word' id='word_1_323' title='bbox 1280 4049 1308 4090; x_wconf 81' lang='lat' dir='ltr'><strong>a.</strong></span> <span class='ocrx_word' id='word_1_324' title='bbox 1330 4029 1428 4096; x_wconf 83' lang='lat' dir='ltr'><strong>Guell.</strong></span> <span class='ocrx_word' id='word_1_325' title='bbox 1440 4033 1471 4095; x_wconf 82' lang='lat'><strong>3.</strong></span> <span class='ocrx_word' id='word_1_326' title='bbox 1489 4033 1540 4094; x_wconf 78' lang='lat' dir='ltr'><strong>dic</strong></span> 
     </span>
     <span class='ocr_line' id='line_1_32' title="bbox 138 4131 1538 4217; baseline 0.006 -26"><span class='ocrx_word' id='word_1_327' title='bbox 138 4143 210 4194; x_wconf 75' lang='lat' dir='ltr'><strong>ertr.</strong></span> <span class='ocrx_word' id='word_1_328' title='bbox 225 4135 306 4195; x_wconf 85' lang='lat' dir='ltr'><strong>Vrat.</strong></span> <span class='ocrx_word' id='word_1_329' title='bbox 322 4156 346 4200; x_wconf 90' lang='grc' dir='ltr'><strong>ι.</strong></span> <span class='ocrx_word' id='word_1_330' title='bbox 368 4155 408 4194; x_wconf 92' lang='lat' dir='ltr'><strong>m.</strong></span> <span class='ocrx_word' id='word_1_331' title='bbox 424 4154 471 4214; x_wconf 87' lang='lat' dir='ltr'><strong>pr.</strong></span> <span class='ocrx_word' id='word_1_332' title='bbox 492 4153 553 4193; x_wconf 85' lang='lat' dir='ltr'><strong>non</strong></span> <span class='ocrx_word' id='word_1_333' title='bbox 566 4141 607 4194; x_wconf 79' lang='lat' dir='ltr'><strong>cst</strong></span> <span class='ocrx_word' id='word_1_334' title='bbox 622 4131 726 4217; x_wconf 80' lang='lat' dir='ltr'><strong>incept.</strong></span> <span class='ocrx_word' id='word_1_335' title='bbox 747 4132 827 4193; x_wconf 77' lang='lat' dir='ltr'><strong>laeid.</strong></span> <span class='ocrx_word' id='word_1_336' title='bbox 839 4155 866 4192; x_wconf 87' lang='lat' dir='ltr'><strong>a.</strong></span> <span class='ocrx_word' id='word_1_337' title='bbox 880 4131 911 4192; x_wconf 92' lang='lat' dir='ltr'><strong>h.</strong></span> <span class='ocrx_word' id='word_1_338' title='bbox 925 4153 950 4192; x_wconf 84' lang='lat' dir='ltr'><strong>e.</strong></span> <span class='ocrx_word' id='word_1_339' title='bbox 964 4133 985 4193; x_wconf 84' lang='lat' dir='ltr'><strong>f.</strong></span> <span class='ocrx_word' id='word_1_340' title='bbox 995 4131 1027 4196; x_wconf 86' lang='lat' dir='ltr'><strong>h.</strong></span> <span class='ocrx_word' id='word_1_341' title='bbox 1039 4133 1058 4192; x_wconf 94' lang='lat' dir='ltr'><strong>i.</strong></span> <span class='ocrx_word' id='word_1_342' title='bbox 1071 4135 1093 4192; x_wconf 93' lang='lat' dir='ltr'><strong>l.</strong></span> <span class='ocrx_word' id='word_1_343' title='bbox 1114 4132 1174 4194; x_wconf 75' lang='lat' dir='ltr'><strong>inc.</strong></span> <span class='ocrx_word' id='word_1_344' title='bbox 1188 4141 1230 4193; x_wconf 83' lang='lat' dir='ltr'><strong>est</strong></span> <span class='ocrx_word' id='word_1_345' title='bbox 1259 4135 1382 4198; x_wconf 73' lang='lat' dir='ltr'><strong>leidd.</strong></span> <span class='ocrx_word' id='word_1_346' title='bbox 1402 4159 1423 4197; x_wconf 87' lang='lat' dir='ltr'><strong>o</strong></span> <span class='ocrx_word' id='word_1_347' title='bbox 1440 4159 1538 4208; x_wconf 75' lang='lat' dir='ltr'><strong>moen.</strong></span> 
     </span>
    </p>
   </div>
   <div class='ocr_carea' id='block_1_5' title="bbox 138 4236 1538 4439">
    <p class='ocr_par' dir='ltr' id='par_1_5' title="bbox 138 4236 1538 4439">
     <span class='ocr_line' id='line_1_33' title="bbox 138 4236 1538 4320; baseline 0.005 -20"><span class='ocrx_word' id='word_1_348' title='bbox 138 4239 220 4318; x_wconf 80' lang='lat' dir='ltr'><strong>proh.</strong></span> <span class='ocrx_word' id='word_1_349' title='bbox 245 4239 341 4304; x_wconf 69' lang='grc' dir='ltr'><strong>δίων.</strong></span> <span class='ocrx_word' id='word_1_350' title='bbox 371 4245 473 4304; x_wconf 82' lang='lat' dir='ltr'><strong>Frane.</strong></span> <span class='ocrx_word' id='word_1_351' title='bbox 503 4239 600 4300; x_wconf 79' lang='lat' dir='ltr'><strong>GuelI.</strong></span> <span class='ocrx_word' id='word_1_352' title='bbox 615 4259 644 4320; x_wconf 80' lang='lat'><strong>9.</strong></span> <span class='ocrx_word' id='word_1_353' title='bbox 661 4258 706 4298; x_wconf 83' lang='lat' dir='ltr'><strong>ro.</strong></span> <span class='ocrx_word' id='word_1_354' title='bbox 725 4260 770 4300; x_wconf 87' lang='grc' dir='ltr'><strong>ιι.</strong></span> <span class='ocrx_word' id='word_1_355' title='bbox 797 4236 878 4300; x_wconf 84' lang='lat' dir='ltr'><strong>Leid.</strong></span> <span class='ocrx_word' id='word_1_356' title='bbox 893 4237 1008 4300; x_wconf 69' lang='lat' dir='ltr'><strong>atra.</strong></span> <span class='ocrx_word' id='word_1_357' title='bbox 1035 4236 1233 4315; x_wconf 74' lang='lat' dir='ltr'><strong>bollwnsorut</strong></span> <span class='ocrx_word' id='word_1_358' title='bbox 1259 4239 1323 4304; x_wconf 80' lang='lat' dir='ltr'><strong>llas.</strong></span> <span class='ocrx_word' id='word_1_359' title='bbox 1341 4243 1411 4316; x_wconf 63' lang='lat' dir='ltr'><strong>ud.</strong></span> <span class='ocrx_word' id='word_1_360' title='bbox 1432 4249 1538 4312; x_wconf 73' lang='lat' dir='ltr'><strong>tnnc.</strong></span> 
     </span>
     <span class='ocr_line' id='line_1_34' title="bbox 1083 4351 1128 4439; baseline 0 0"><span class='ocrx_word' id='word_1_361' title='bbox 1083 4351 1128 4439; x_wconf 73' lang='lat'><strong>¹4</strong></span> 
     </span>
    </p>
   </div>
   <div class='ocr_carea' id='block_1_6' title="bbox 0 0 1948 4867">
    <p class='ocr_par' dir='ltr' id='par_1_6' title="bbox 0 0 1948 4867">
     <span class='ocr_line' id='line_1_35' title="bbox 0 0 1948 4867; baseline 0 0"><span class='ocrx_word' id='word_1_362' title='bbox 0 0 1948 4867; x_wconf 95' lang='lat' dir='ltr'><strong> </strong></span> 
     </span>
    </p>
   </div>
  </div>
 </body>
</html>
