3850 4867
1519 390 1606 439 nili
1644 406 1648 413 ’

203 546 452 651 re'suspicor,
475 544 546 621 hos
568 562 640 621 tras
670 546 786 622 libros
809 545 910 621 idem
941 545 1133 651 exemplar
1163 570 1238 620 esse
1267 560 1431 634 secutos,
1457 546 1496 623 e‘t
1520 570 1607 647 quae

208 670 391 775 leguntur
402 671 606 761 varietates,
619 670 932 771 easlibrariorum
944 671 1114 745 acumini
1123 671 1181 746 rel
1190 669 1369 744 socordiae
1382 668 1519 744 deberi.
1541 672 1609 743 Ce-

206 810 347 883 terum,
372 818 466 896 quas
484 810 611 868 nostra
630 809 738 867 aetate
752 793 883 869 Critici
904 793 1049 868 iactant
1066 794 1251 868 Codicum
1272 810 1399 897 gentes
1417 808 1533 895 atque
1552 791 1624 865 fa-.

205 917 339 1009 milias‚
362 915 436 994 hoc
455 918 654 993 inventum
674 916 852 1020 equidem
877 917 919 993 in
940 933 998 992 tot
1020 918 1204 993 Codicum
1226 919 1460 1021 optimorum
1481 917 1626 994 lectio·-

206 1042 340 1133 nibus,
366 1041 542 1117 nondum
561 1039 832 1117 confirmatum
854 1041 993 1117 inveni.
1032 1041 1121 1131 Sed,
1148 1058 1194 1115 ut
1223 1040 1271 1116 ad
1292 1043 1531 1146 propositum
1554 1068 1611 1116 re-

206 1166 334 1257 deam,
360 1164 630 1271 orthographia
652 1183 757 1241 vetus
775 1166 1028 1241 inTuricensi
1052 1166 1251 1268 aliquoties
1271 1190 1438 1267 expressa
1461 1182 1532 1259 est,
1557 1168 1573 1238 l
1594 1210 1611 1222 -

206 1288 311 1381 bido,
329 1309 517 1389 temptare,
542 1293 648 1373 haut,
664 1308 767 1388 aput,
783 1291 933 1373 cotidie,
957 1290 1096 1392 adque,
1114 1315 1317 1380 accersere,
1339 1309 1508 1365 secuntur
1532 1289 1612 1387 (se-

207 1416 429 1517 quuntur),
456 1414 642 1511 capiunda
660 1412 859 1515 aliquoties
883 1429 1100 1513 occurrunt.
1139 1417 1319 1488 Praeserea
1340 1413 1470 1487 multis
1486 1413 1612 1517 glossis

181 1520 184 1525 Ι
207 1538 481 1642 marginalibus
497 1554 535 1611 et
559 1536 867 1613 interlinearibus
888 1553 1023 1610 auctus
1042 1552 1115 1625 est,
1141 1561 1227 1637 quae
1242 1563 1329 1611 vero
1358 1532 1485 1611 futiles
1501 1554 1614 1629 sunt,
1714 1528 1723 1535 ’

207 1662 424 1766 explicant,
463 1686 549 1763 quae
582 1687 695 1735 nemo
722 1686 804 1735 non
837 1660 1039 1763 intelligit,
1072 1658 1283 1734 difficiliora
1320 1660 1463 1735 intacta
1497 1661 1624 1736 relin-¹

208 1808 351 1893 quunt3
373 1784 439 1859 sed
459 1812 575 1888 quam
603 1782 714 1860 facile
735 1782 816 1858 fieri
837 1783 970 1886 possit,
997 1798 1042 1856 ut
1068 1772 1200 1886 glossae.
1220 1810 1290 1886 pro
1315 1786 1490 1888 genuinis
1521 1812 1612 1860 auc·

185 1998 187 2001 ¹
209 1906 300 1981 toris
321 1908 443 1982 verbis
461 1905 694 2000 habeantur,
719 1935 765 1985 ex
784 1906 859 1983 hoc
880 1906 1019 1982 Codice
1039 1906 1201 1981 maxime
1223 1908 1445 2010 perspicias,
1471 1909 1540 1983 ubi
1553 1910 1615 1984 in-

209 2044 267 2103 ter
283 2029 402 2105 lineas
419 2030 629 2135 glossatoris
645 2048 683 2107 et
704 2033 868 2107 auctoris
895 2030 1009 2106 verba
1031 2030 1245 2134 promiscua
1274 2030 1463 2134 leguntur.
1508 2035 1615 2108 Cete-

208 2180 298 2227 rum
319 2155 516 2257 scripturae
543 2156 768 2257 compendia
794 2154 961 2259 plurima
992 2154 1125 2229 insunt
1132 2142 1147 2247 3¹
1176 2180 1207 2228 v.
1228 2147 1263 2228 c.
1291 2155 1333 2228 Ν.
1359 2154 1549 2229 Numidiae
1572 2170 1615 2241 R.

207 2278 419 2368 Romanus,
443 2279 492 2351 M
519 2277 710 2367 Metellus,
735 2280 798 2351 Ht
822 2276 956 2367 habet,
982 2276 1037 2351 dr.
1059 2277 1203 2352 dicitur
1231 2277 1314 2351 dur.
1348 2277 1556 2356 ducuntur.
1582 2288 1613 2356 sl

206 2416 307 2476 sunt
339 2400 497 2477 Vocales
515 2428 553 2490 a,
570 2399 600 2490 i,
613 2427 649 2474 u
669 2400 741 2475 sub
755 2398 1079 2505 finemlugurthae
1103 2400 1238 2504 saepius
1259 2381 1359 2474 infra
1382 2400 1524 2479 lineam
1546 2432 1614 2508 po-

211 2522 311 2597 sitae:
332 2525 514 2621 maxuma
538 2552 584 2599 ur
609 2524 652 2599 in
674 2523 799 2627 prima
820 2541 858 2599 et
874 2523 984 2599 tertia
1001 2528 1160 2627 persona
1185 2524 1289 2598 verbi
1314 2526 1449 2627 passivi
1474 2529 1615 2619 ubivis,

208 2661 389 2749 praeterea
407 2672 467 2725 as.
493 2653 547 2731 is,
567 2675 667 2732 rum,
687 2674 775 2747 per,
796 2674 887 2747 pro,
911 2648 1011 2722 notis
1032 2671 1200 2750 expressa
1216 2661 1315 2721 sunt
1351 2650 1397 2721 In
1418 2649 1494 2725 line
1513 2652 1614 2742 Cati·
1640 2728 1644 2735 ,

209 2768 300 2843 linae
313 2768 394 2845 haec
411 2769 613 2873 leguntur:
638 2770 788 2847 Salustii
808 2772 900 2846 liber
911 2777 1051 2870 primas
1066 2776 1104 2843 in
1128 2769 1343 2845 Catilinario
1362 2776 1531 2873 explicit,-
1557 2780 1615 2849 in·
1722 2835 1726 2843 .

209 2897 298 2991 cinit
310 2880 469 2973 eliadam
486 2900 524 2966 in
540 2896 767 2995 Iugurthino.
1280 2962 1284 2968 .

276 3019 381 3089 Inter
397 3016 630 3118 antiquiores
647 3018 797 3091 Salustii
817 3017 933 3093 libros
951 3022 1169 3095 Bernensem
1181 3019 1252 3094 IV.
1272 3020 1487 3110 retulerim,
1498 3048 1630 3123 quem·

209 3135 392 3213 Sinnerus
412 3138 477 3233 (in
497 3136 676 3243 catalogo
692 3140 773 3214 Mss.
792 3141 884 3215 Bibl.
906 3142 1099 3217 Beruensis
1121 3169 1157 3244 p.
1175 3140 1274 3239 590·)
1290 3144 1426 3219 saeculo
1439 3147 1483 3219 Χ.
1498 3146 1615 3248 serip-

211 3278 301 3345 tum,
314 3286 389 3336 esse
416 3261 567 3337 iudicat
603 3265 867 3366 Pergamenus,
902 3262 1024 3339 forma
1046 3266 1260 3367 quadrata,
1282 3295 1318 3339 n.
1335 3269 1416 3366 357.
1444 3286 1632 3361 notatus„

186 3400 248 3499 *et
270 3385 322 3470 ita
348 3385 550 3487 inscriptus
573 3400 648 3458 est:
681 3390 746 3460 Ex
763 3386 913 3461 Salustii
935 3388 1058 3486 Crispi
1087 3392 1247 3463 historiis
1275 3406 1479 3488 excerpta:
1512 3395 1633 3485 tituli,

84 3524 88 3533 '
206 3507 446 3611 singulorum
466 3506 765 3611 fragmentorum
785 3526 876 3584 sunt
901 3544 908 3583 :
929 3511 1077 3587 ,Oratio
1116 3512 1296 3610 Catilinae
1321 3514 1423 3608 apud
1440 3525 1615 3593 coniura-

206 3650 271 3706 tos.
326 3632 456 3713 Oratio
486 3632 658 3707 Catilinae
684 3631 792 3733 (quoe
817 3633 941 3737 capite
965 3634 1090 3709 Lvllt
1122 3633 1284 3738 legitur.)
1303 3704 1307 3714 ,
1325 3633 1455 3713 Oratio
1480 3644 1615 3743 Micip·
1717 3710 1718 3713 ,

206 3780 271 3829 sae
299 3754 351 3827 acl
372 3754 596 3853 Iugurtham.
652 3754 781 3833 Oratio
812 3756 1027 3831 Atherbalis
1050 3759 1095 3830 P.
1118 3757 1158 3831 C.
1198 3756 1331 3832 Oratio
1359 3760 1398 3832 L.
1421 3764 1539 3866 Syttae
1563 3771 1617 3845 ad

207 3900 329 3976 regern
345 3878 564 3951 Bocchum.‘
593 3878 757 3973 Epistola
784 3880 930 3953 Lentuli
956 3879 1009 3952 ad
1040 3880 1244 3962 Catilinam.
1283 3882 1449 3977 Epistola
1472 3889 1614 3989 Scipio.

208 4004 269 4089 nis
283 3999 338 4073 'ad
355 4000 565 4103 Mycipsant
591 4002 757 4097 Epistola
776 4001 1003 4077 Adherbalis
1033 4003 1086 4076 ad
1100 4003 1279 4078 Senamnt
1304 4004 1452 4083 Ductus
1472 4012 1616 4091 littera·

209 4148 297 4196 rum
315 4122 360 4194 iis
371 4121 634 4224 similes,quos
653 4123 886 4201 Mabillonus
904 4126 1031 4200 saeculi
1049 4128 1104 4201 XI
1122 4126 1298 4229 proprios
1315 4152 1391 4203 csse
1412 4130 1513 4208 dicit
1540 4139 1632 4215 Sed-

209 4244 380 4347 quamvis
399 4244 581 4349 antiquus
599 4244 664 4335 sit,
681 4261 808 4329 tamen
824 4248 1057 4353 negligenter
1068 4249 1231 4353 scriptus
1249 4265 1321 4343 est3
1342 4255 1462 4333 multa
1479 4263 1633 4341 omissa.
