3850 4867
93 464 221 543 finem
248 470 409 560 volens,
434 474 518 551 iure
539 473 712 580 gentium
736 500 794 551 res
819 489 970 580 repeto:
994 492 1032 550 et
1058 475 1090 551 si
1114 474 1361 579 pertinaciter
1380 476 1520 551 retine·

89 590 227 685 bunt,
270 623 356 673 non
396 626 500 673 arma
527 626 652 702 neque
684 600 949 691 secessionem,
984 600 1252 675 tantummodo
1278 626 1328 675 ne
1354 598 1518 702 amplius

89 720 343 823 sanguinem
370 738 536 799 vestrum
560 722 777 827 praebeatis,
802 723 969 797 censebo.
1008 722 1157 797 Gerant
1180 720 1425 824 habeantque
1448 746 1518 798 suo
1546 719 1549 723 ’

89 842 217 917 modo
247 844 434 949 imperia3
461 861 636 949 quaerant
663 843 902 950 triumphos:
936 842 1221 941 Mithridatem,
1246 846 1456 921 Sertorium
1480 862 1520 921 et

88 965 297 1069 reliquias
324 968 497 1043 exsulum
527 984 805 1073 persequantur
831 996 923 1043 curu
946 968 1175 1074 imaginibus
1193 969 1278 1045 suis.
1322 969 1432 1045 Absit
1453 996 1520 1075 pe-

90 1090 286 1167 riculum
310 1109 349 1166 et
367 1076 489 1185 lahos,
513 1093 652 1195 quibus
677 1091 785 1165 nulla
804 1116 891 1194 pars
913 1090 1061 1165 huetius
1080 1107 1150 1184 est;
1174 1092 1248 1167 nisi
1268 1092 1366 1169 sorte
1382 1092 1518 1195 repen·

92 1212 179 1288 tina
210 1215 294 1289 ista
319 1214 570 1291 frumentaria
598 1214 679 1320 lege
710 1212 845 1288 munia
872 1230 994 1290 vestra
1022 1231 1256 1317 pensantur:
1277 1244 1354 1319 qua
1386 1233 1517 1295 tamen
1569 1199 1574 1207 ⁴

92 1339 235 1439 quinis
262 1338 402 1413 modiis
424 1338 638 1413 libertatem
660 1337 835 1411 omnium
858 1353 1122 1427 aestumavere‚
1147 1340 1215 1439 qui
1247 1341 1417 1443 prolecto
1435 1368 1517 1416 non

93 1461 280 1565 emplius
310 1477 470 1565 possunt
493 1460 686 1535 elimentis
721 1459 888 1535 carceris
937 1461 1110 1563 Namque
1138 1477 1185 1535 ut
1207 1462 1283 1537 illis
1315 1464 1518 1569 exiguitate

69 1644 73 1653 .
93 1610 203 1659 mors
224 1584 476 1691 prohibetur,
493 1598 694 1659 senescunt
709 1582 822 1658 vires:
840 1581 893 1657 sic
906 1608 1032 1684 neque
1048 1582 1210 1660 absolvit
1225 1611 1317 1660 cura
1337 1586 1518 1664 familiari

97 1724 180 1782 tam
194 1736 325 1815 parva
337 1735 414 1799 res,
438 1723 476 1782 et
492 1707 647 1811 ignavus
664 1706 825 1808 quisque
846 1706 1065 1793 tenuissima
1084 1732 1150 1809 spe
1170 1705 1378 1784 frmtratur
1397 1743 1406 1783 ι
1431 1736 1519 1812 quae

98 1848 238 1909 tamen
257 1833 433 1937 quamvis
445 1831 586 1935 ampla,
599 1828 784 1933 quoniam
792 1828 933 1903 servitii
944 1828 1115 1931 pretium
1126 1836 1398 1921 ostentaretur,
1409 1832 1518 1909 cuius

102 1957 327 2063 torpedinis
340 1972 422 2033 erat
433 1954 557 2059 decipi
572 1970 610 2030 et
620 1966 831 2028 vestrarum
850 1976 980 2026 rerum
992 1950 1096 2025 ultro
1112 1950 1257 2026 iniuria
1270 1956 1433 2056 gratiam
1452 1954 1531 2031 de:

101 2080 218 2157 berei
248 2084 426 2183 Namque
444 2077 519 2153 alio
534 2076 650 2151 modo
677 2100 802 2177 neque
817 2074 947 2150 valent
965 2074 1007 2148 in
1025 2074 1236 2166 universos,
1256 2102 1383 2178 neque
1403 2104 1519 2153 cona-

103 2204 272 2283 huntur.
300 2204 496 2283 Gerendus
514 2218 640 2275 tamen
653 2197 763 2273 dolus
779 2213 842 2273 est.
867 2200 1002 2300 Itaque
1012 2198 1128 2272 simul
1139 2215 1364 2305 comparant
1374 2198 1530 2275 deleni-.

104 2346 313 2423 menta,et
328 2328 514 2405 differunt
524 2351 588 2402 vos
606 2324 649 2399 in
661 2320 869 2397 adveutum
879 2322 944 2396 Cn.
955 2320 1144 2424 Pompeii3
1167 2347 1284 2424 quem
1295 2322 1436 2426 ipsum,
1447 2322 1519 2397 uhi

106 2455 363 2557 pertimuere,
376 2450 571 2527 sublatum
587 2448 630 2521 in
647 2444 806 2520 cervices
823 2446 927 2537 sues,
952 2470 1043 2518 mox
1066 2443 1193 2519 demto
1213 2461 1320 2525 metu
1337 2444 1522 2523 lacerant.

107 2576 243 2681 Neque
255 2602 319 2653 eos
331 2575 459 2681 pudet,
467 2572 648 2661 vindices,
661 2569 720 2645 uti
736 2593 774 2642 se
785 2566 932 2657 ferunt,
944 2566 1323 2657 libertatis,totviros
1335 2568 1518 2660 sinemo,

110 2718 178 2775 aut
194 2704 392 2779 remittere
413 2696 597 2772 iniuriam
620 2718 701 2768 non
720 2690 879 2781 audere,
905 2707 975 2765 aut
996 2690 1055 2765 ius
1074 2716 1154 2765 non
1177 2716 1284 2795 posse
1304 2690 1519 2769 defendere.

110 2822 211 2900 Mihi
232 2821 393 2930 quidem
416 2819 505 2896 satis
522 2832 735 2921 spectatum
756 2829 828 2905 est,
853 2813 1101 2918 Pompeium,
1122 2829 1238 2895 tantae
1267 2814 1397 2919 gloriae
1420 2816 1519 2892 adu.

114 2946 338 3055 leeeentem,
361 2942 476 3020 malle
502 2938 717 3045 principem
734 2936 950 3011 volentibus
971 2937 1079 3012 vohis
1099 2961 1190 3027 esse,
1216 2963 1335 3040 quam
1355 2939 1432 3015 illis
1449 2940 1524 3017 dor

114 3072 339 3151 minationis
362 3068 523 3155 socium,
549 3078 821 3163 auctoremque
844 3060 887 3135 in
907 3059 1042 3161 primis
1062 3058 1143 3134 fore
1167 3058 1385 3140 tribuniciae
1409 3078 1518 3165 pote·

117 3197 229 3273 etatis.
268 3198 432 3282 Verum,
453 3186 643 3287 Quirites,
665 3199 778 3260 antea
806 3178 1069 3288 singuli'cives
1086 3182 1128 3257 in
1148 3182 1346 3286 pluribus,
1371 3210 1453 3260 non
1472 3184 1519 3263 in

118 3344 196 3395 uno
216 3318 349 3396 cuncti
371 3311 545 3421 praesidia
564 3306 785 3384 habebatis:
810 3310 936 3410 neque
957 3306 1180 3383 mortalium
1201 3306 1405 3410 quisquam
1424 3306 1528 3397 dare

120 3458 186 3516 aut
206 3444 354 3547 eripere
372 3438 463 3513 talia
480 3456 581 3514 unus
600 3444 758 3537 poterat
801 3433 935 3533 Itaque
951 3429 1156 3504 verborum
1173 3428 1261 3503 satis
1283 3428 1432 3530 dictum
1452 3446 1516 3512 est

122 3670 148 3721 et
163 3686 226 3743 ew
240 3664 334 3727 Vatic.
354 3658 438 3724 Febr.
466 3655 542 3717 llric.
563 3650 653 3733 ne'quc
666 3686 683 3701 ·
699 3654 804 3715 hortor
824 3649 859 3710 C.
876 3654 921 3712 Fr.
945 3650 1060 3711 tortor.
1081 3650 1199 3711 censebo
1218 3651 1312 3721 vatic.
1334 3650 1419 3715 Febr.
1438 3652 1515 3720 Bria.

123 3786 217 3831 comeo
238 3772 337 3850 vulgo.
358 3762 453 3843 quinis
470 3758 572 3820 modls
591 3760 630 3818 ita
643 3760 740 3823 Vatic.
770 3754 872 3836 quaet
890 3753 942 3834 qui
962 3773 1049 3833 usque
1073 3753 1254 3815 lamminae
1276 3758 1516 3837 pefiustrentur

123 3868 209 3935 vatic.
228 3872 314 3934 Fabr.
335 3868 410 3931 Bric.
431 3866 551 3947 ignom
564 3862 615 3943 qul
630 3882 716 3942 usquc
733 3860 830 3924 Vatis.
849 3860 918 3920 inde
931 3869 996 3919 orto
1010 3867 1053 3921 est
1067 3860 1217 3943 ingeniosa
1234 3861 1353 3923 Puteani
1371 3863 1515 3926 emend..

125 3974 178 4053 tio,
191 4002 247 4063 qua
265 3976 392 4061 genuina
409 3971 535 4035 auctoris
548 3968 635 4030 verbu
651 3968 779 4033 restitute
795 3975 888 4048 put03
907 3985 996 4047 quere
1012 3966 1118 4047 recepi.
1135 3964 1349 4041 commenti
1360 3975 1390 4027 et
1402 3966 1515 4030 sochen

127 4088 152 4141 c
173 4102 232 4151 om.
252 4080 338 4143 rubr.
360 4078 435 4139 Bric.
461 4084 490 4139 ct
503 4072 616 4155 Lipsius
634 4072 694 4135 iam
710 4082 796 4132 antee
812 4070 982 4131 coniectura
992 4068 1145 4130 debrent.
1166 4076 1256 4148 neque
1272 4069 1352 4133 mim
1365 4070 1528 4154 ἰμρηη.

131 4182 347 4253 ‘laelanditrcs
364 4184 445 4247 Don.
462 4180 501 4243 ad
516 4176 652 4249 tenucla
668 4197 703 4254 ι,
725 4195 761 4251 a,
785 4174 835 4246 86.
855 4172 950 4235 mdo
968 4191 1104 4335 qma
1114 4175 1237 4267 fotpcdo
1255 4175 1297 4239 ita
1313 4194 1418 4242 omnes
1434 4174 1524 4242 titrt
