3850 4867
1554 337 1626 431 139

324 505 503 581 Ceterum
520 504 633 582 facies
657 504 772 582 totius
790 504 932 612 negotii
954 507 1076 600 varia,
1101 509 1261 600 incerte,
1285 507 1387 586 foeda
1406 523 1522 613 atque
1546 509 1619 586 mi·
1632 510 1667 572 5ι

217 627 418 707 serabilis:
446 629 602 734 dispersi
631 656 654 704 a
680 630 756 704 suis
782 657 871 735 pars
895 630 1043 723 cedere,
1074 632 1142 708 alii
1166 632 1330 735 insequi5
1366 659 1491 736 neque
1516 633 1623 738 signe

218 778 350 859 neque
370 753 522 829 ordines
545 753 757 849 observare3
778 754 848 830 ubi
864 781 1056 858 quemque
1069 755 1286 860 periculum
1301 752 1467 860 ceperat,
1492 757 1548 832 ibi
1563 783 1623 836 re-

216 877 349 956 sistere
364 903 411 954 ao
428 877 667 983 propulsare:
680 904 804 968 arma,
817 877 910 970 tela,
928 878 1037 981 equi,
1049 878 1140 970 viri,
1154 877 1278 955 hostes
1293 895 1408 982 atque
1425 879 1521 956 oires
1534 904 1622 986 per-

216 1002 353 1099 mixti3
363 1000 467 1078 nihil
479 1001 638 1077 oonsilio
657 1027 783 1104 neque
794 1000 955 1105 imperio
980 1001 1059 1107 agit
1076 1002 1153 1078 fors
1170 1003 1299 1078 omnia
1316 1029 1451 1109 regere.
1484 1007 1620 1110 Itaque

217 1125 393 1208 multum
413 1125 490 1202 diei
519 1141 776 1230 proeesserat,
807 1152 930 1227 quum
962 1127 1187 1202 etiamtum
1211 1143 1366 1202 eventus
1400 1127 1442 1202 in
1474 1128 1621 1206 incerto

215 1265 312 1332 eret.
354 1250 534 1352 Denique
563 1248 742 1325 omnibus
764 1249 896 1326 labore
917 1263 958 1324 et
985 1247 1078 1324 'aestu
1103 1249 1293 1355 languidis
1310 1249 1325 1342 ‚'
1351 1251 1526 1328 Metellus
1549 1253 1620 1328 uhi

215 1375 325 1454 videt
339 1375 525 1452 Numidas
548 1374 678 1449 minus
693 1372 853 1463 instare,
877 1371 1081 1477 paullatim
1100 1373 1238 1448 milites
1258 1373 1302 1450 in
1327 1401 1453 1450 unum
1472 1375 1620 1456 condu-
1732 1371 1740 1380 ’

216 1500 295 1592 eit,
314 1499 466 1578 ordines
482 1497 649 1573 restituit
664 1513 703 1573 et
725 1492 897 1572 cohortes
911 1495 1137 1602 legionarias
1154 1513 1324 1600 quatuor
1337 1496 1539 1574 advorsum
1554 1525 1620 1604 pe-

215 1623 317 1704 dite
333 1620 505 1702 hostium
526 1621 711 1715 collocat3
732 1645 866 1694 eorum
882 1645 1022 1725 magna
1042 1647 1131 1725 pars
1143 1621 1402 1725 superioribus
1418 1621 1509 1697 locis
1527 1620 1619 1700 sessa

215 1747 450 1828 consederat
488 1743 612 1821 Simul
631 1769 755 1835 orare,
774 1742 923 1819 hortari
942 1743 1099 1838 milites,
1124 1769 1174 1819 ne
1198 1743 1425 1834 deficerent,
1450 1771 1529 1820 neu
1552 1773 1621 1850 pa.

216 1887 395 1950 texentur
420 1869 540 1947 hostis
560 1866 747 1973 fugientes
766 1866 946 1942 vincerer
976 1893 1103 1970 neque
1127 1867 1203 1944 illis
1227 1883 1349 1944 eastra
1374 1892 1469 1957 esse,
1495 1891 1620 1972 neque

214 1995 509 2074 munimentum
538 1991 685 2081 ullum,
710 2015 789 2093 quo
816 1989 989 2066 oedentet
1015 1988 1236 2066 tenderent:
1271 1990 1313 2065 in
1343 1991 1458 2066 armis
1488 1993 1619 2069 omnia

213 2119 301 2198 site.
341 2117 416 2196 Sed
430 2141 481 2196 ne
502 2111 690 2220 Iugurtha
711 2111 870 2218 quidem
898 2112 1043 2190 interea
1065 2112 1217 2216 quietus
1242 2129 1354 2188 erat:
1390 2113 1619 2208 circumire,

215 2241 388 2334 hortari,
406 2265 590 2319 renovare
609 2235 789 2343 prelium
812 2251 853 2312 et
878 2235 958 2341 ipse
976 2262 1068 2312 cum
1086 2234 1240 2312 delectis
1255 2253 1442 2341 temptare
1460 2239 1590 2314 omnia
1609 2271 1618 2314 e

213 2367 419 2446 subvenire
441 2366 536 2457 suis,
553 2361 728 2438 hostibus
752 2359 880 2437 dubiis
906 2360 1070 2454 instare3
1094 2385 1190 2464 quos
1214 2358 1344 2436 firmos
1371 2377 1618 2467 cognoverat,

215 2492 369 2571 eminus
391 2487 604 2596 pugnando
627 2487 800 2562 retinere
846 2486 905 2560 Eo
924 2483 1040 2561 modo
1056 2483 1159 2559 inter
1180 2509 1219 2560 se
1245 2483 1325 2560 duo
1354 2484 1668 2592 imperatores,52

217 2613 482 2706 summi'viri,
516 2610 716 2688 oertabant
737 2641 750 2688 z
773 2606 847 2712 ipsi
872 2632 1002 2712 pareo,
1028 2623 1200 2684 eetemm
1223 2609 1361 2713 opibus
1395 2609 1620 2714 disparibus.

217 2743 319 2820 Nam
334 2738 491 2816 Metello
509 2736 630 2812 virtus
645 2734 817 2810 militum
834 2746 935 2825 erat,
958 2732 1064 2807 locus
1082 2731 1260 2809 advorsus
1280 2766 1288 2808 ι
1323 2733 1520 2839 Iugurthae
1543 2734 1620 2811 alia

216 2867 350 2959 omnia
368 2879 508 2971 praeter
533 2859 673 2936 milites
695 2871 922 2966 opportune.
963 2855 1143 2958 Denique
1170 2857 1351 2949 Romani,
1383 2858 1453 2933 ubi
1472 2857 1623 2935 intelle·

217 3006 340 3102 gunt,
365 3012 492 3091 neque
512 2985 586 3061 sibi
602 2981 915 3089 perfirgium‘eose
936 3005 1062 3085 neque
1077 2980 1127 3055 ab
1145 2977 1252 3055 hoste
1275 2981 1426 3092 copiam
1447 3009 1624 3088 pugnan.

217 3119 260 3198 di
279 3113 381 3213 fieri3
405 3112 461 3212 (et
482 3110 562 3185 iam
582 3108 646 3185 die
663 3131 793 3212 vesper
814 3105 933 3205 erat);
955 3104 1114 3182 advorso
1132 3104 1231 3181 colle
1250 3104 1363 3181 sicuti
1387 3123 1624 3210 praeoeptum

217 3323 261 3362 ιιι.
274 3321 306 3360 ιι.
325 3295 386 3362 Erl.
396 3299 501 3356 Frano.
520 3291 601 3353 Vrat.
614 3311 640 3349 ι.
660 3290 728 3350 Eoo.
749 3288 846 3349 cuelr.
859 3308 885 3347 1.
898 3286 928 3348 3.
942 3286 972 3358 4.
986 3309 1013 3369 7.
1024 3307 1053 3368 9.
1067 3307 1114 3350 ιι.
1130 3307 1176 3348 12.
1197 3287 1281 3346 Bern.
1296 3309 1320 3348 ι.
1332 3287 1361 3348 5.
1382 3295 1469 3366 atque
1485 3307 1545 3346 om.
1561 3287 1623 3348 duo

215 3405 307 3470 Rivii.
325 3401 396 3462 Tur.
415 3399 479 3459 Bas.
492 3396 523 3468 4.
541 3398 656 3476 aliquot
669 3394 776 3466 (lortii,
794 3393 877 3453 Leid.
892 3415 917 3452 e.
932 3393 953 3457 s.
968 3413 996 3474 g.
1017 3393 1139 3454 Palatini
1161 3396 1293 3455 meliores
1309 3395 1406 3454 credo.
1428 3397 1623 3456 consederant

214 3510 281 3577 Bm,
291 3507 322 3581 4.
341 3525 432 3568 orare
444 3512 474 3563 et
488 3501 609 3563 hortari
621 3501 754 3581 plerique
767 3499 861 3558 Curtii
875 3498 943 3557 libri
962 3499 1022 3558 Erl.
1041 3498 1111 3580 Teg.
1125 3499 1187 3560 Bas.
1202 3521 1227 3566 1.
1239 3501 1268 3581 4.
1289 3498 1374 3560 Born.
1393 3521 1418 3565 ι.
1439 3509 1467 3558 et
1482 3521 1541 3560 om.
1553 3501 1622 3561 Vin.

218 3639 248 3682 ι.
267 3615 328 3676 ine.
345 3633 373 3679 ι.
391 3611 477 3671 Rem.
492 3627 520 3668 a.
541 3598 597 3665 tres
609 3615 744 3686 preterea
756 3603 839 3663 Cort.
859 3603 944 3662 Bern.
956 3606 985 3665 3.
1005 3603 1070 3665 Rir.
1090 3603 1206 3666 Gruter.
1226 3605 1320 3668 Wess.
1330 3603 1410 3670 leid.
1432 3604 1522 3665 hostis
1530 3597 1624 3685 supi-

214 3730 297 3788 atta
315 3717 428 3779 itallae.
442 3734 469 3773 ι.
488 3731 581 3791 nequa
603 3709 661 3770 itte
679 3728 761 3767 mun.
781 3708 850 3767 Nae.
871 3707 970 3767 Guell'.
985 3729 1011 3766 ι.
1033 3707 1145 3769 Febrie.
1165 3709 1252 3772 nivii.
1273 3710 1324 3769 sed
1340 3727 1377 3768 ne
1389 3708 1456 3789 Ing.
1476 3709 1546 3770 vin.
1564 3712 1623 3770 Fa-

213 3828 292 3890 brie.
304 3843 333 3887 a.
354 3824 414 3883 ino.
427 3841 453 3879 ι.
472 3818 558 3879 Rem.
572 3836 599 3881 a.
619 3815 716 3875 Senot.
730 3834 758 3874 a.
779 3814 880 3874 Hense.
898 3814 980 3876 vtae
994 3833 1021 3872 ι.
1034 3833 1062 3874 a.
1083 3812 1181 3873 Guelt'.
1196 3835 1221 3874 1.
1232 3814 1262 3875 3.
1283 3815 1345 3878 Bas.
1359 3835 1384 3879 ι,
1404 3815 1473 3874 Tur.
1494 3813 1621 3877 Berua.

215 3933 249 3997 3.
277 3949 333 3993 nee
347 3931 396 3989 rel
418 3943 510 4005 neque
530 3922 628 3986 ceteri.
655 3923 697 3980 ite
713 3919 827 3980 Gruter.
855 3917 979 3981 llarere.
1003 3917 1086 3978 Leid.
1117 3918 1272 3979 circumire
1292 3919 1353 3985 Bar.
1370 3940 1394 3978 ι.
1415 3918 1505 3979 lead.
1526 3920 1622 3984 Struv.

213 4038 323 4102 Inue.
342 4030 482 4102 6ιιο144.
507 4025 635 4090 circuire
652 4025 776 4107 plurimi
789 4022 867 4086 libri.
896 4041 1039 4084 renovare
1051 4025 1135 4103 prul.
1156 4043 1293 4085 reuocare
1312 4024 1371 4084 ino.
1385 4041 1413 4084 a.
1442 4041 1511 4084 oum
1528 4025 1623 4086 dilee-

215 4145 256 4208 tls
274 4144 417 4205 Sourta.
437 4135 534 4196 Guelt.
543 4156 573 4216 9.
593 4132 673 4195 Vrat
686 4152 714 4191 a.
734 4129 838 4191 dubius
847 4127 957 4188 irrotare
977 4127 1038 4188 Bas.
1056 4148 1082 4193 ι.
1102 4128 1185 4192 Febr.
1200 4150 1227 4189 1.

301 4267 377 4354 Cep.
392 4268 441 4329 52.
460 4263 570 4326 summi
587 4281 648 4322 om.
662 4259 760 4325 Guell.
773 4279 798 4325 ι.
817 4258 880 4318 Bas.
889 4257 919 4329 4.
946 4256 1103 4317 emmor·
1127 4258 1211 4317 llem.
1226 4279 1251 4317 ι.
1280 4255 1409 4338 dripere
1429 4255 1510 4323 tud.
1523 4280 1549 4323 e.
1571 4260 1622 4320 in-

214 4380 361 4463 tellegunt
377 4375 475 4438 Sonat.
487 4392 514 4438 ι.
541 4367 638 4430 Guell.
655 4384 722 4427 m.
749 4365 817 4426 Eoo.
834 4361 1009 4445 profugiwn
1027 4380 1134 4426 uorem
1154 4361 1248 4423 Corui
1264 4362 1428 4424 deteriores.
1448 4362 1509 4429 Bm,
1522 4363 1551 4436 4.
1572 4365 1622 4425 <150

1175 4465 1201 4520 ³l=
