3850 4867
394 302 442 377 38

390 494 501 555 leeeem
521 519 540 535 -
563 487 609 549 28.
631 487 779 567 intellegit
797 518 816 535 -
836 488 1001 547 nonnullos
1020 483 1200 547 sollieitabat
1216 516 1236 534 ·
1254 506 1305 569 ²9·
1326 488 1439 549 nulline
1457 508 1558 549 earum
1577 520 1597 537 ·
1615 487 1668 549 30.
1688 500 1718 551 et
1737 490 1793 551 ‹lu-

392 586 570 674 centamilia
586 586 782 643 sestertiorum
803 616 822 630 -
843 582 892 643 31.
908 593 937 642 et
954 594 988 643 ut
1006 586 1052 642 sui
1072 572 1251 665 e'xpurgandi
1270 616 1290 631 ·
1309 583 1357 645 δι.
1370 586 1412 645 ibi
1425 572 1526 645 secum
1543 589 1637 645 multa
1651 589 1792 646 rolrens·

391 686 540 765 optimum
558 683 637 739 factu
658 712 677 727 -
697 683 794 738 multo
808 680 965 759 praevenire
986 688 1014 737 et
1031 690 1100 737 onte
1118 676 1269 759 eapere'ee
1287 713 1307 729 -
1324 683 1361 741 ed
1385 684 1527 743 marcium
1550 686 1643 743 mittit
1660 704 1757 764 regem
1776 716 1793 731 ·

392 780 443 852 34.
463 778 587 838 factioni
602 796 704 834 eorum
725 809 740 819 -
762 775 811 833 55.
823 778 937 856 magnis
951 777 984 833 in
997 777 1138 856 periculis
1149 776 1221 833 meio
1238 810 1255 821 ·
1274 776 1323 837 36.
1344 777 1394 837 sed
1405 779 1460 859 ipsi
1472 779 1600 837 Catilina
1619 812 1639 827 ·
1658 779 1708 862 37.
1722 800 1793 838 con·

393 875 549 957 jurationis
569 873 684 931 fuerant
702 904 721 917 -
741 874 827 931 multi
840 874 978 931 mortales
997 875 1062 951 eyll.
1082 872 1211 931 victorie
1229 894 1373 933 memores
1392 907 1411 921 ·
1427 875 1475 935 38.
1490 876 1622 954 potentia
1645 886 1792 935 certantes.

453 969 605 1049 Jugurtha
627 970 675 1027 85.
697 971 790 1049 pluris
802 980 843 1027 est
862 1002 882 1015 -
902 990 951 1027 eos
972 988 1046 1049 quoe
1066 969 1144 1027 nolie
1162 1000 1180 1015 -
1204 989 1270 1031 ιιο.
1291 983 1319 1031 et
1337 972 1462 1031 llercule
1481 972 1552 1030 Silla
1571 1002 1591 1017 -
1611 973 1706 1031 lueret
1720 970 1793 1030 mihi

395 1070 523 1153 pretium
543 1098 563 1113 -
586 1086 651 1124 ιιι.
667 1067 809 1146 quoniam
830 1064 919 1124 armis
939 1065 971 1123 in
987 1066 1095 1145 praeliis
1115 1067 1184 1145 plue
1201 1070 1362 1127 valuissent
1380 1101 1400 1115 -
1419 1070 1584 1147 plurimum
1606 1067 1695 1126 debet
1718 1068 1792 1126 emi·

395 1156 471 1229 oilie
490 1162 583 1223 soedtts
602 1196 622 1209 -
641 1183 689 1221 rex
708 1182 812 1243 negare
831 1194 848 1207 -
868 1164 933 1242 quie
951 1158 1099 1242 Jugurtha
1118 1192 1137 1209 -
1167 1182 1232 1221 ιιι.
1252 1164 1474 1223 conditionibus
1494 1184 1596 1244 paoem
1617 1164 1760 1244 componi
1776 1193 1794 1211 ·

399 1262 464 1323 113.
484 1280 557 1341 eaepe
572 1262 641 1339 ipseo
657 1260 714 1318 eibi
728 1258 854 1317 advorsae
872 1290 891 1305 -
910 1260 952 1317 ite
972 1268 1088 1317 tacente
1107 1290 1128 1306 -
1146 1262 1264 1319 occulte
1276 1262 1373 1341 speeie
1390 1262 1450 1319 orie
1469 1291 1489 1307 ·
1508 1262 1625 1320 accersi.

516 1441 606 1516 Cod.
638 1440 684 1513 V.
735 1435 914 1533 (Pantini
944 1435 1106 1541 Catnlog.
1134 1438 1180 1511 11.
1208 1464 1290 1537 720.
1322 1464 1416 1513 xxvi.
1466 1438 1562 1512 Plut.
1593 1464 1683 1514 urrr.
1713 1441 1793 1537 26.)

401 1558 611 1634 Membran.
632 1552 754 1627 forma
786 1551 983 1653 quadrata.
1008 1553 1094 1625 Soec.
1132 1579 1190 1626 ιιι.
1219 1553 1412 1657 adjunctae
1439 1570 1530 1628 sunt
1550 1580 1682 1658 paucae
1706 1554 1798 1659 glos·

394 1700 460 1765 sae,
485 1672 548 1747 sed
569 1669 767 1743 literarum
789 1666 926 1739 ductus
950 1664 1046 1741 mihi
1064 1666 1221 1769 quidem
1244 1667 1293 1742 ad
1313 1668 1452 1742 seriora
1485 1684 1655 1770 tempora
1680 1668 1796 1773 perti-

394 1816 485 1865 nere
503 1786 690 1863 videntur.
729 1784 904 1856 Ceterum
922 1782 1020 1857 liber
1041 1783 1240 1885 aliquoties
1260 1800 1442 1861 vetustate
1459 1800 1662 1887 corruptus
1682 1800 1723 1859 et
1745 1782 1797 1860 ad

391 1904 594 2009 legendum
620 1898 851 1973 difficilimus
877 1914 943 1973 est.
979 1900 1109 2001 Neque
1134 1899 1274 1975 multas
1294 1903 1413 1976 bonae
1441 1900 1619 1975 lectiones
1647 1897 1722 1973 hoo
1752 1900 1796 1974 in

394 2021 523 2096 codice
542 2014 737 2091 inveneris.

468 2160 623 2238 Jugurtlm
642 2179 666 2215 e.
684 2176 748 2213 ιιι.
770 2153 806 2213 de
825 2175 897 2233 pace
914 2164 942 2213 et
963 2156 1200 2215 communibus·
1224 2177 1289 2216 rra.
1312 2168 1342 2216 et
1357 2157 1492 2216 enuntiat
1510 2188 1529 2203 -
1548 2176 1653 2237 pacem
1672 2156 1797 2215 conseo-

395 2270 482 2319 lam-
507 2262 571 2318 113.
591 2258 676 2314 rultu
694 2254 883 2333 corporisque
903 2284 921 2299 ·
949 2253 989 2310 ita
1004 2264 1118 2312 tacente
1135 2256 1199 2335 ipso
1223 2258 1340 2315 occulta
1354 2254 1450 2333 cordio
1464 2264 1493 2313 et
1509 2254 1569 2313 oris
1587 2286 1606 2299 -
1625 2252 1759 2313 obmisi
1779 2282 1799 2297 .

392 2360 486 2417 sactus
504 2366 564 2424 est,
585 2354 612 2411 ei
630 2352 756 2410 decreta.

475 2474 607 2535 Catilina
625 2492 674 2553 47.
693 2482 885 2553 vargunteum
906 2502 925 2517 -
941 2458 993 2541 ιθ.
1013 2475 1098 2550 pleps
1117 2502 1137 2517 -
1156 2470 1309 2531 cotidiano
1328 2502 1347 2519 -
1366 2478 1539 2550 potestatem
1552 2468 1686 2527 faciundi
1700 2464 1799 2526 lrabe-

392 2594 423 2634 re
442 2605 460 2620 -
480 2574 636 2650 impostam
656 2601 675 2615 -
696 2570 745 2647 lp.
759 2567 929 2625 exercebant
948 2598 969 2613 -
990 2568 1170 2627 solitarios
1189 2588 1257 2653 suos
1272 2571 1380 2626 electos
1401 2565 1505 2624 orabat
1526 2576 1555 2623 et
1572 2566 1741 2624 exercitatos
1761 2566 1798 2624 in

393 2668 547 2729 audaciam
568 2698 586 2713 -
607 2668 657 2745 qui
674 2667 706 2722 in
721 2664 862 2723 custodiis
881 2662 982 2721 traditi
999 2674 1083 2721 erant
1102 2696 1121 2709 -
1140 2674 1170 2722 et
1187 2674 1323 2743 praeterea
1341 2663 1378 2723 de
1397 2695 1416 2708 ·
1436 2664 1461 2719 is
1479 2673 1596 2741 postea,
1611 2672 1774 2742 permotus.

479 2802 696 2907 (Ejusmodi
722 2818 813 2876 sunt
833 2801 909 2875 fere
930 2826 1059 2875 omnes
1083 2798 1200 2903 hujus
1221 2800 1312 2873 libri
1332 2800 1526 2889 lectiones,
1566 2824 1684 2901 quare
1713 2824 1798 2873 non

394 2938 467 3011 est,
490 2920 595 3023 quod
620 2918 747 3021 plures
773 2917 1042 3007 transcribam
1074 2914 1133 2989 vel
1166 2944 1211 2989 ex
1246 2915 1309 2987 his·
1334 2916 1511 3019 colligas,
1538 2930 1729 3017 quantum
1757 2914 1798 2986 ei

395 3037 644 3113 tribuendum
660 3032 715 3105 sit
743 3034 918 3106 Ceterum
938 3031 1027 3107 cod.
1047 3031 1107 3107 lV.
1124 3048 1162 3107 et
1174 3036 1218 3109 V.
1231 3033 1449 3108 Victorium
1468 3057 1582 3105 usum
1603 3055 1678 3105 asse
1696 3030 1799 3101 Pan·

395 3154 467 3229 tini
494 3152 672 3258 judicat.)

494 3300 583 3375 cod.
603 3300 646 3373 V
640 3298 670 3371 I.
709 3292 890 3386 (Pantini
910 3293 1071 3399 Catalog.
1088 3297 1153 3367 Ill.
1167 3296 1251 3391 371.
1275 3323 1333 3369 xx
1359 3321 1389 3369 ι.
1414 3295 1604 3391 ΡΙιιῐ.,ι9.)
1629 3289 1797 3366 Inferior

395 3416 484 3492 Coei.
506 3442 564 3488 xx.
589 3414 641 3510 a.)
667 3412 875 3484 Membran.
899 3408 1021 3483 forma
1039 3410 1242 3512 quadratu,
1268 3438 1383 3512 quem
1408 3411 1544 3485 saeculo
1564 3409 1613 3481 xi.
1636 3405 1795 3481 Paulini

393 3531 578 3632 scriplum
603 3552 676 3599 esse
697 3542 817 3627 putat
856 3524 927 3598 Sed
947 3525 1144 3625 antiquior
1160 3552 1277 3627 quam
1302 3527 1445 3599 melior.
1471 3525 1634 3600 Catilina
1652 3522 1694 3596 in
1715 3520 1796 3595 line

393 3638 764 3743 mutilus,Jugurtha
791 3639 920 3727 initio;
944 3667 1036 3713 nam
1058 3666 1179 3742 usque
1204 3636 1253 3713 ad
1278 3668 1349 3742 cap
1371 3668 1455 3714 xm:
1482 3690 1499 3724 a
1523 3642 1613 3713 aliae
1630 3640 1795 3711 Punicoe

393 3762 524 3837 urbes'‘
549 3758 676 3832 omnia
696 3758 829 3830 omissa
843 3770 943 3829 sunt
966 3754 1074 3830 Alius
1092 3754 1271 3829 librarius
1293 3755 1517 3844 Catilinam,
1538 3754 1635 3828 alius
1650 3753 1795 3855 Jugur·

395 3874 501 3950 tham
524 3871 699 3947 exaravit

475 4038 564 4101 Catil.
586 4058 610 4096 ι.
632 4036 729 4094 omnis
743 4034 892 4094 nostratis
911 4061 930 4081 ·
949 4033 1071 4093 betua-
1092 4052 1119 4093 ι.
1140 4034 1266 4109 desidia,
1292 4035 1494 4105 continentia,
1514 4032 1660 4111 equitate,
1680 4030 1791 4107 optim.

392 4156 570 4222 quemquem
587 4166 605 4179 -
624 4132 709 4189 sicuti
728 4131 871 4209 peregrim
889 4131 1025 4188 transiere
1042 4162 1062 4177 -
1081 4136 1162 4208 juxta
1176 4134 1309 4189 existimo
1327 4132 1460 4209 -aliquo
1479 4129 1598 4208 negotio
1614 4124 1667 4204 qui
1687 4125 1794 4183 inten-

391 4246 439 4294 tus
459 4268 475 4279 ·
494 4232 522 4292 ὅ.
537 4229 769 4288 adulescentulus
789 4256 808 4271 -
825 4235 890 4283 atas
907 4247 973 4282 mea
990 4258 1010 4271 -
1027 4226 1146 4305 incepto
1165 4228 1265 4287 studio
1279 4248 1326 4287 me
1344 4260 1361 4274 -
1382 4224 1574 4284 memorabile
1596 4222 1704 4280 estimo
1723 4250 1745 4267 ·
1763 4224 1792 4282 ⁵.

393 4351 483 4414 praro
500 4330 636 4407 maloque
655 4356 674 4371 -
694 4322 911 4395 dissimulator,
930 4333 1072 4403 appetem
1091 4354 1110 4369 ·
1129 4324 1328 4402 militiamque
1338 4322 1476 4399 intempti
1494 4350 1514 4367 ·
1528 4336 1635 4397 eorpus
1652 4325 1717 4374 erat
1732 4336 1795 4373 en-
