3850 4867
355 215 406 295 56

354 413 408 493 mi
419 414 584 491 intentio
597 413 647 489 ad
658 439 779 491 mores
788 414 1046 493 emendandos
1058 417 1189 495 valeat.
1202 400 1373 497 Proiecto
1381 421 1565 528 ejusmodi
1576 421 1750 500 homines

352 549 429 609 eta
448 532 671 608 liberalibus
687 532 820 609 studiis
837 534 997 623 alienos,
1012 551 1052 611 et
1070 536 1187 639 ipsius
1206 540 1327 615 animi
1348 557 1495 615 naturae
1508 541 1658 643 ignaros
1667 568 1753 617 vere

354 648 504 727 dixeris.
530 649 602 723 Sed
625 648 771 723 habent
793 676 921 726 omnes
937 650 1015 727 lere
1030 651 1241 755 disciplinae
1257 656 1411 760 frigidas
1432 674 1470 731 et
1490 659 1621 731 inanes
1634 684 1755 759 quas·

353 766 493 849 tiones,
519 765 568 839 ad
589 790 683 867 quas
706 763 733 837 ii
755 764 954 868 saepissime
979 767 1236 861 delabuntur,
1261 772 1382 873 quiet
1398 770 1618 847 historicam
1637 773 1753 847 inter

352 880 606 984 pretationem
625 895 663 955 et
686 878 884 955 historicos
897 882 1106 987 negligunt.
1141 887 1218 960 Has
1235 888 1392 989 quidem
1405 915 1542 993 nugas,
1567 914 1662 990 quas
1679 889 1755 993 jao·

353 1012 438 1071 tant
465 997 633 1101 imperiti
662 1012 701 1071 et
722 1022 818 1071 verae
841 998 1067 1073 eruditionis
1086 1001 1222 1090 nescii,
1247 1029 1268 1076 a
1291 1003 1494 1108 philologis
1512 1005 1674 1079 intactas
1698 1033 1756 1081 re·

351 1112 479 1217 linqui
503 1130 542 1189 et
563 1113 613 1187 ab
637 1114 814 1189 omnibus
836 1113 875 1188 id
902 1115 962 1219 agi
987 1114 1119 1206 velim,
1144 1133 1190 1190 ut
1204 1142 1289 1218 quae
1304 1116 1473 1193 habeant
1496 1136 1674 1222 percepta
1700 1139 1758 1195 at-

351 1257 428 1332 que
458 1231 631 1335 cognita,
655 1256 699 1305 ea
733 1231 782 1305 ad
813 1229 980 1333 publicae
1002 1230 1178 1305 utilitatis
1202 1232 1372 1307 fructum
1403 1234 1541 1309 referre
1567 1235 1756 1315 studeant.

350 1347 409 1420 Ita
432 1374 536 1421 emm
561 1346 641 1421 lieri
666 1372 771 1449 posse
789 1345 1004 1449 putaverim
1024 1364 1071 1421 ut
1097 1364 1284 1449 quantam
1303 1350 1381 1423 vim
1406 1350 1629 1425 Graecarum
1654 1352 1758 1424 Lati·

351 1489 568 1564 narumque
597 1462 797 1537 literarum
820 1462 992 1537 studium
1021 1462 1070 1536 ad
1089 1463 1273 1567 juvenum
1296 1491 1418 1539 mores
1441 1466 1662 1541 formandos
1688 1466 1759 1540 ha-

351 1578 456 1669 beat,
474 1579 532 1655 vel
556 1578 683 1655 dubiis
707 1577 767 1653 his
792 1578 1120 1680 formidolosisque
1136 1581 1369 1683 temporibus
1390 1582 1650 1684 perspiciatur.
1684 1583 1760 1658 Sed

352 1693 400 1769 de
424 1694 613 1773 historicae
638 1695 962 1799 interpretationis
983 1694 1131 1769 ratione
1163 1693 1239 1771 hoc
1271 1696 1523 1799 adjunxerim.
1561 1698 1674 1775 Utin
1698 1724 1760 1773 ee·

350 1811 440 1887 teris
461 1814 514 1887 ita
540 1813 581 1887 in
602 1811 768 1886 historiis
790 1811 1014 1887 enarrandis
1035 1811 1227 1886 brevitatis
1246 1812 1416 1886 studium
1442 1812 1538 1885 mihi
1560 1813 1758 1916 probatur·

352 1928 483 2024 Quare
508 1926 718 2003 omittenda
738 1944 847 2017 sunt,
873 1952 959 2029 quoe
983 1927 1032 2001 ad
1055 1943 1265 2015 auctorem,
1294 1928 1404 2031 cujus
1430 1929 1646 2031 explicandi
1673 1957 1760 2003 mu·

351 2070 424 2119 nus
443 2044 665 2146 susceperis,
690 2043 966 2118 illustrandum
984 2043 1085 2117 nihil
1104 2044 1261 2117 faciunt.
1297 2044 1337 2118 Si
1352 2070 1441 2119 vero
1462 2063 1571 2133 sunt,
1595 2072 1682 2146 quae
1697 2045 1762 2120 fu-

244 2148 246 2155 ,
350 2161 427 2235 sius
450 2185 637 2263 exponere
665 2176 745 2233 uon
769 2159 834 2231 abs
866 2186 906 2232 re
935 2186 1009 2233 esse
1040 2159 1209 2247 ridetur,
1243 2158 1325 2233 haec
1344 2175 1383 2233 et
1402 2160 1482 2263 ipsa
1513 2161 1761 2263 peculiariter

350 2275 565 2351 enarranda
600 2290 636 2348 et
671 2301 693 2348 a
726 2274 1007 2349 commentariis
1031 2274 1223 2377 perpetuis
1255 2273 1486 2377 sejungenda
1511 2301 1585 2349 esse
1614 2302 1758 2351 censeo.

350 2392 449 2465 Nam
462 2392 504 2465 in
519 2390 830 2494 digressionibus,
856 2390 973 2492 (quos
994 2416 1170 2464 excursus
1182 2417 1308 2491 nuper
1321 2390 1609 2481 nominarunt,)
1632 2390 1693 2465 his
1709 2393 1760 2467 de

352 2505 465 2579 rebus
489 2505 788 2580 commodissime
808 2506 931 2608 egeris.
970 2504 1181 2579 Laudanda
1199 2504 1297 2577 mihi
1320 2505 1495 2607 inprimis
1512 2532 1587 2580 esse
1605 2508 1760 2583 videtur

351 2622 450 2697 Justi
469 2622 596 2725 Lipsii,
609 2620 831 2696 Ruhnkenii
853 2636 891 2695 et
909 2620 1046 2725 Wollii
1064 2622 1180 2710 ratio,
1204 2621 1272 2723 qui
1293 2620 1334 2693 in
1358 2622 1446 2723 ipsis
1468 2622 1545 2695 istis
1564 2622 1761 2727 digressio-

352 2738 466 2813 nibus
489 2766 693 2841 nunquam
713 2737 898 2838 longitua
921 2736 1116 2840 proposito
1137 2737 1372 2811 aberrarunt
1398 2736 1475 2809 Alii
1486 2754 1618 2811 contra
1629 2764 1761 2812 recen·

244 2866 247 2873 '
353 2856 497 2931 tiorum
511 2852 619 2928 hunc
638 2880 819 2957 campum
842 2879 916 2926 esse
930 2852 1021 2941 rati,
1040 2852 1081 2925 in
1104 2878 1181 2953 quo
1198 2851 1315 2925 libere
1331 2854 1532 2953 exspatiari
1544 2854 1661 2955 possit
1674 2848 1761 2929 ora·

352 2971 425 3061 tio,
441 2970 575 3075 saepius
596 2969 824 3043 alienissimo
838 2968 921 3042 loco
933 2993 1174 3070 quaecunque
1192 2968 1372 3042 memoria
1388 2970 1757 3073 complectebantur,

350 3086 411 3163 his
428 3089 469 3162 in
491 3084 876 3161 commentationibus
896 3098 1190 3185 pertractarunt

475 3201 719 3276 Rhetoricam
748 3184 1122 3302 interpretationem,
1157 3213 1311 3271 auctore
1333 3198 1479 3275 Wolfio
1507 3200 1612 3290 dico,
1639 3228 1758 3303 quam

351 3319 523 3421 Heyuius
546 3318 703 3419 ejusque
724 3314 903 3419 discipuli
927 3312 1159 3387 aestheticam
1178 3313 1431 3415 appellarunt
1468 3318 1551 3389 Hoc
1572 3316 1613 3389 in
1640 3318 1760 3393 inter-

351 3432 575 3537 pretationis
601 3458 735 3535 genere
757 3432 863 3505 fuere
888 3454 1029 3529 nuper,
1056 3427 1125 3527 qui
1150 3443 1257 3500 tanto
1277 3430 1404 3504 studio
1428 3431 1687 3521 elaborarent,
1712 3450 1759 3507 ut

353 3549 563 3652 legentibus
587 3546 782 3620 fastidium
807 3558 988 3619 crearent.
1026 3542 1136 3616 Unde
1160 3541 1303 3615 factum
1326 3561 1389 3633 est,
1408 3562 1454 3617 ut
1474 3547 1657 3619 nonnulli
1673 3546 1758 3622 haec

353 3692 375 3739 a
400 3663 575 3767 perfecta
590 3660 806 3736 eruditione
828 3660 952 3733 aliena
972 3673 1175 3761 putarent,
1199 3683 1264 3730 seu
1281 3656 1419 3733 scholis
1450 3678 1550 3735 certe
1569 3660 1758 3737 habendis

345 3779 735 3883 ·1eservarijuberent
765 3777 943 3873 Quorum
961 3800 1128 3847 errorem
1150 3800 1229 3846 non
1250 3790 1319 3861 est,
1345 3776 1450 3876 quod
1468 3776 1648 3850 refellam.
1683 3778 1758 3853 Sed

353 3893 541 3971 rhetorica
574 3894 656 3967 haec
683 3888 961 3993 interpretandi
994 3887 1091 3961 ratio
1121 3888 1320 3962 commode
1348 3890 1423 3963 dici
1454 3919 1559 3994 posse
1586 3894 1757 3985 videtur,

353 4010 458 4113 quod
486 4008 686 4083 artificiosa
709 4005 945 4107 eloquentia,
969 4014 1074 4104 (quae
1097 4030 1178 4076 non
1199 4004 1322 4077 solum
1341 4008 1518 4094 oratoris,
1548 4007 1613 4081 sed
1640 4010 1759 4088 etiam

352 4142 473 4229 poetae
489 4140 604 4227 atque
621 4123 792 4199 historici
806 4120 891 4219 est‚)
916 4146 938 4193 a
958 4117 1173 4192 rhetoribus
1187 4118 1342 4193 iuventa
1362 4135 1401 4195 et
1421 4122 1470 4195 ab
1491 4120 1623 4195 iisdem
1639 4126 1760 4226 potis-
