3850 4867
373 317 443 397 tio
527 334 530 342 '

366 499 413 576 di·
434 498 554 605 gratis
577 497 749 575 occultus
779 489 908 576 veniat
921 507 941 573 ε’
954 496 1093 575 deinde
1114 496 1189 574 lide
1209 493 1315 586 data,
1338 497 1369 572 si
1388 494 1613 602 Iugurtham
1640 495 1768 574 virum

368 639 439 701 out
458 640 639 699 necatum
655 621 729 696 sibi
751 621 983 714 tradidisset,
1001 619 1102 712 fore,
1124 637 1171 696 ut
1186 615 1244 696 illi
1260 621 1418 696 Senaurs
1439 621 1709 727 impunitatem
1731 635 1771 696 et

365 773 433 825 oua
458 748 588 824 omnia
612 743 852 836 concederet,
885 742 998 820 focile
1023 742 1199 820 Numidae
1219 745 1441 850 persuadet,
1466 773 1588 849 quum
1615 745 1769 852 ingenio
1899 733 1900 746 ¹

366 871 504 962 infido,
531 887 615 946 tum
645 868 851 957 metuenti,
875 894 942 958 ne,
977 867 1010 942 si
1032 895 1107 972 pax
1130 893 1220 944 cum
1239 867 1418 946 Romanis
1444 867 1573 961 fieret,
1598 869 1677 974 ipse
1701 897 1771 974 per

318 1007 357 1070 tr
367 995 603 1072 conditiones
630 993 680 1069 ad
707 991 943 1098 supplicium
962 992 1184 1069 traderetur.
1223 995 1258 1067 Is
1284 991 1354 1068 ubi
1384 991 1556 1098 primum
1586 1009 1771 1099 opportu-

366 1145 464 1196 num
489 1119 581 1209 fuit,
606 1115 836 1223 Iugurtham
853 1114 1014 1191 anxium
1038 1142 1084 1192 ac
1104 1115 1345 1192 miserantem
1363 1115 1537 1194 fortunas
1556 1143 1642 1194 suas
1667 1145 1773 1198 acce·

366 1243 448 1337 dit;
472 1258 604 1319 monet
626 1258 743 1344 atque
766 1241 984 1318 lacrumans
1011 1240 1239 1332 obtestatur,
1263 1240 1323 1318 uti
1353 1239 1564 1345 aliquando
1583 1240 1657 1319 sibi
1677 1242 1773 1319 libe·

365 1367 494 1470 risque
519 1381 558 1442 et
588 1365 692 1472 genti
716 1364 990 1456 Numidarum,
1013 1380 1170 1470 optume
1199 1363 1381 1456 merenti,
1404 1363 1623 1470 provideat:
1646 1368 1774 1444 omni-
1900 1429 1901 1470 ,

365 1489 438 1566 bus
461 1488 602 1593 praeliis
630 1513 706 1564 sete
728 1487 870 1580 victos,
901 1513 1038 1595 agrum
1070 1504 1280 1581 vastatum,
1312 1489 1454 1607 multos
1480 1489 1650 1566 mortalis
1675 1517 1768 1598 oap-

367 1626 443 1704 tos,
469 1612 630 1700 occisos,
656 1613 762 1717 regni
786 1637 874 1716 opes
893 1613 1148 1689 comminutas
1176 1639 1274 1690 esse:
1302 1613 1391 1690 satis
1413 1637 1511 1719 saepe
1534 1613 1612 1689 iam
1634 1630 1674 1692 et
1695 1617 1774 1692 vir-

368 1751 490 1813 tutem
509 1735 695 1825 militum,
721 1751 761 1810 et
786 1733 985 1811 fortunam
1017 1751 1267 1840 temptatam:
1291 1751 1421 1813 careat
1451 1763 1523 1827 ne,
1557 1737 1624 1813 illo
1653 1763 1775 1816 cuno-

369 1876 494 1952 tante,
515 1858 693 1937 Numidoe
706 1859 779 1935 sibi
799 1859 1012 1936 consulant
1049 1859 1118 1934 His
1140 1875 1255 1964 atque
1276 1860 1415 1936 talibus
1436 1859 1521 1936 aliis
1538 1861 1589 1936 ad
1608 1860 1775 1941 deditio·

366 2011 456 2062 nem
477 1985 571 2090 regis
589 1983 765 2058 animum
784 1983 957 2087 impellit
989 1981 1203 2058 Mittuntur
1214 1983 1264 2060 ad
1282 1984 1549 2088 imperatorem
1566 1985 1678 2089 legati
1701 1990 1773 2092 qui
1901 2037 1902 2070 2

369 2107 597 2215 Iugurtham
621 2108 806 2210 imperata
822 2105 1017 2181 facturum
1037 2105 1226 2198 dicerent,
1248 2134 1293 2182 ac
1308 2106 1390 2182 sine
1406 2106 1488 2181 ulla
1501 2109 1678 2211 pactione
1696 2137 1775 2188 sese

365 2257 603 2338 regnumque
621 2256 736 2305 suum
757 2229 801 2303 in
816 2228 919 2304 illius
944 2228 1060 2305 fidem
1080 2228 1236 2305 tradere.
1273 2230 1450 2306 Metellus
1470 2255 1631 2335 propere
1654 2261 1776 2312 cuno-

366 2369 423 2431 tos
443 2352 629 2431 Senatorii
652 2351 799 2428 ordinis
818 2378 864 2427 ex
885 2349 1057 2427 hibernis
1077 2352 1215 2426 accersi
1234 2350 1366 2428 iubet:
1388 2379 1523 2428 eorum
1543 2371 1660 2458 atque
1677 2358 1776 2437 alio-

365 2504 476 2570 rum,
501 2501 597 2580 quos
630 2474 786 2551 idoneos
823 2474 1006 2566 ducebat,
1031 2474 1235 2551 consilium
1253 2473 1388 2552 -habet
1438 2478 1495 2552 Ita
1520 2503 1626 2554 more
1653 2483 1777 2559 maio-

366 2628 483 2693 rum,
509 2627 556 2676 ex
581 2599 731 2675 consilii
756 2599 926 2690 decreto,
954 2624 1026 2704 per
1048 2598 1188 2704 legatos
1209 2598 1404 2706 Iugurthae
1430 2601 1592 2704 imperat
1623 2609 1775 2710 argenti

367 2725 500 2829 pondo
520 2723 686 2800 ducenta
714 2721 857 2813 millia,
881 2721 1104 2827 elephantos
1126 2724 1266 2814 omnis,
1295 2749 1483 2827 equorum
1504 2741 1544 2801 et
1573 2752 1775 2808 armorum

367 2848 623 2954 aliquantum
671 2847 770 2946 Quae
789 2862 993 2952 postquam
1015 2847 1097 2924 sine
1122 2873 1229 2924 mora
1260 2846 1360 2923 facta
1383 2865 1493 2939 sunt,
1517 2847 1625 2926 iubet
1645 2855 1774 2932 omnis

366 3029 427 3090 stri.
457 3026 528 3089 dein
541 3028 652 3110 priores
663 3027 741 3088 lldit.
762 3025 903 3088 mauro
920 3046 967 3088 nc.
988 3047 1100 3126 neom.
1111 3026 1191 3089 Vrat
1206 3027 1291 3089 Febr.
1303 3028 1388 3091 llem.
1407 3031 1477 3097 llin.
1494 3051 1520 3092 ι.
1539 3031 1646 3095 Sena.
1668 3036 1773 3100 Hense.

366 3133 544 3199 tce-Gustu
555 3133 617 3204 μή.
626 3155 654 3214 7.
664 3133 750 3193 6.ιι.
762 3151 809 3192 ιι.
820 3131 889 3216 Teg.
910 3133 993 3198 leid.
1007 3131 1038 3193 b.
1051 3153 1083 3192 n.
1103 3132 1188 3194 Bodl.
1203 3133 1235 3194 B.
1246 3133 1317 3193 Pub.
1336 3135 1429 3201 Mari.
1440 3146 1515 3202 Μ.
1528 3157 1634 3198 macc.
1655 3143 1776 3218 quodsi

369 3261 432 3322 poe
450 3238 532 3301 leid.
548 3239 577 3305 k.
597 3239 640 3298 od
651 3237 743 3319 suppl.
758 3237 882 3298 dorstatr
900 3236 970 3299 vin.
982 3257 1009 3298 2.
1029 3235 1126 3298 Gucll.
1137 3242 1165 3302 3.
1185 3238 1287 3309 Bas-d.
1307 3234 1474 3302 uruntur
1493 3239 1589 3304 Gueli.
1603 3263 1628 3302 ι.
1649 3243 1719 3329 Teg.

446 3367 520 3450 Cup.
535 3369 585 3428 62.
605 3364 791 3446 opportsuit
807 3365 930 3429 verbnm
943 3385 1005 3426 om.
1020 3365 1168 3428 Commel.
1187 3365 1272 3427 Bodl.
1293 3366 1399 3447 optino
1413 3368 1525 3430 merito
1542 3374 1674 3454 plerique
1689 3373 1772 3437 Cor-

367 3472 498 3547 siluri,
518 3470 709 3535 omneslaeid.
728 3469 791 3529 Bas.
807 3491 834 3530 1.
852 3468 938 3530 Bern.
952 3469 982 3530 3.
1004 3469 1128 3530 merenti
1145 3471 1214 3532 vin.
1232 3492 1257 3532 ι.
1277 3471 1390 3534 Fabric.
1409 3473 1506 3541 Turio.
1526 3475 1771 3545 llem.a.‘Guell‚

370 3596 398 3635 1.
418 3574 496 3636 nivii
508 3574 620 3655 aliquot
638 3584 667 3635 et
681 3574 768 3634 Pelet.
778 3575 921 3635 meliores.
943 3583 1071 3634 merem
1082 3573 1181 3640 Guell.
1192 3575 1222 3640 ὅ.
1247 3584 1347 3656 coptos
1361 3575 1469 3640 οοσίιοι
1490 3579 1560 3664 leg.
1580 3581 1641 3642 Bas.
1652 3606 1676 3645 ι.
1696 3585 1769 3651 l'ur.

367 3680 454 3741 Barn.
470 3699 497 3737 1.
525 3687 578 3738 aut
594 3697 656 3739 occ.
678 3680 773 3739 ceteri.
792 3677 865 3739 satis
878 3697 952 3758 soepe
967 3687 996 3738 et
1011 3678 1072 3738 tom
1100 3678 1213 3746 Fabric.
1232 3701 1257 3740 ι.
1277 3680 1346 3765 Teg.
1366 3681 1437 3742 Tur.
1462 3683 1551 3744 etium
1563 3695 1592 3746 ct
1612 3689 1722 3753 Febris.
1738 3715 1770 3754 2,

368 3785 431 3845 iam
448 3783 545 3844 Gnell.
555 3783 585 3844 6.
604 3783 766 3844 moeotillo
786 3781 915 3848 Bern.1.
935 3782 1151 3863 qut-dicerent
1171 3784 1252 3846 Cort
1270 3806 1330 3848 om.
1347 3789 1445 3864 fidem
1461 3791 1592 3852 traderet
1612 3793 1723 3858 Febris.
1739 3820 1769 3860 ι.

367 3889 437 3955 Vin.
456 3908 481 3952 1.
506 3887 574 3948 Sen.
585 3907 614 3948 n.
633 3887 733 3948 ileum.
751 3887 822 3971 lag.
841 3886 939 3948 Turio.
968 3886 1168 3950 (inclinio.
1195 3863 1236 3950 ita
1249 3893 1337 3952 etiam
1352 3893 1440 3954 Polat.
1456 3897 1594 3976 potiores.
1613 3903 1770 3966 nodam

235 4074 248 4088 .
367 3993 430 4060 lies.
441 3992 470 4066 4.
484 3992 647 4069 ‘illirufidei
658 3991 782 4054 leitil.
803 3991 933 4068 utofide
951 3990 1056 4057 Frons.
1075 3991 1215 4054 uenti
1232 3993 1318 4056 Grut.
1338 3995 1457 4074 Carrio,
1477 3997 1642 4082 Gryphium
1656 4005 1768 4072 venes·

371 4100 458 4184 ¹47⁰·
479 4096 576 4164 Gneli.
592 4099 622 4160 6.
639 4120 685 4164 ιο.
700 4120 745 4159 ιι.
762 4118 808 4159 12.
830 4095 952 4160 Fabae.
973 4095 1056 4156 Rem.
1070 4116 1097 4156 ι.
1116 4097 1183 4157 Sco.
1198 4117 1226 4158 ι.
1247 4091 1347 4160 Hense.
1367 4101 1520 4168 lutei.
1540 4105 1637 4176 Turio.
1659 4132 1766 4178 mm.

368 4204 480 4268 accersi
496 4205 559 4267 lin.
572 4225 597 4264 1.
618 4202 728 4266 Feltric.
740 4224 766 4263 1.
785 4202 855 4265 Vin.
873 4201 933 4262 inc.
952 4200 1050 4262 Senot.
1063 4221 1089 4262 1.
1108 4201 1194 4262 ilem.
1209 4223 1239 4264 a.
1256 4203 1338 4266 Vret.
1351 4227 1376 4266 ι.
1403 4205 1499 4274 Gucll.
1512 4230 1538 4271 ι.
1552 4232 1580 4273 a.
1591 4217 1618 4278 i.
1629 4237 1657 4297 7.
1677 4215 1764 4282 Bam.

365 4333 401 4376 ι.
426 4330 530 4377 eorum
547 4319 576 4373 ct
592 4307 722 4370 attmm
746 4305 809 4368 Bas.
822 4305 890 4379 nl.
922 4304 1009 4365 Bern.
1026 4325 1054 4368 ι.
1073 4303 1133 4374 ΕτΙ.
1160 4307 1279 4370 tiomtc
1291 4309 1409 4378 llirinm
1429 4313 1541 4376 editum
1555 4318 1619 4380 fnit.
1643 4322 1693 4382 uti
1709 4324 1768 4390 ἰιω
