3850 4867
358 293 454 378 δι’

363 504 409 555 cx
439 476 516 552 otio
540 501 648 568 mec,
684 503 802 581 quam
824 501 870 554 ex
892 475 1059 552 aliorum
1093 477 1253 586 negotiis
1293 477 1513 585 reipublicae
1547 495 1757 557 venturum

360 605 458 682 Nam
481 627 578 710 saepe
593 628 660 708 ego
681 600 831 692 audivi,
856 602 902 701 Q.
919 603 1166 697 Maxumum,
1187 608 1225 680 P.
1251 605 1483 710 Scipionem,
1509 621 1691 710 praeteoea
1714 603 1762 681 ci·

359 728 484 804 vitatis
501 742 638 802 nostrae
665 725 866 831 praeclaros
892 727 993 802 viros
1020 727 1148 804 solitos
1176 729 1229 805 ita
1257 729 1401 820 dicere,
1427 756 1551 832 quum
1577 729 1765 805 maiorum

360 852 541 958 imagines
565 850 830 944 intuerentur,
863 849 1204 930 vehementissume
1223 853 1296 930 sibi
1316 853 1492 930 animum
1516 852 1566 929 ad
1589 855 1767 930 virtutem

359 975 526 1052 accendi.
561 974 712 1051 Scilicet
736 1002 816 1051 non
841 1002 967 1052 ceram
989 974 1097 1053 illam
1121 1005 1246 1082 neque
1274 978 1437 1084 liguram
1460 995 1607 1054 tantam
1624 979 1704 1054 vim
1728 979 1767 1053 in

359 1126 434 1178 sese
451 1099 617 1194 habere,
645 1099 710 1176 sed
727 1100 910 1176 memoria
929 1126 1059 1176 rerum
1078 1118 1267 1208 gestarum
1287 1131 1372 1178 eam
1399 1103 1596 1178 flammam
1616 1101 1770 1208 egregiis

362 1227 450 1301 viris
468 1226 510 1300 in
534 1241 687 1330 pectore
706 1249 891 1314 crescere,
915 1252 1041 1329 neque
1062 1227 1169 1329 prius
1192 1227 1332 1317 sedari,
1357 1255 1475 1330 quam
1496 1227 1616 1304 virtus
1635 1253 1770 1303 eorum

363 1349 505 1426 famam
528 1365 644 1452 atque
668 1350 829 1454 gloriam
850 1349 1112 1453 adaequaverit
1148 1356 1199 1427 At
1226 1368 1380 1440 contra,
1409 1351 1495 1455 quis
1514 1367 1571 1426 est
1597 1350 1771 1428 omnium
1799 1385 1806 1394 ·

364 1474 632 1564 honoribus,
659 1475 754 1578 quin
778 1474 918 1550 divitiis
935 1490 975 1550 et
1004 1476 1220 1580 sumptibus
1249 1503 1331 1552 non
1353 1476 1543 1580 probitate
1564 1502 1693 1579 neque
1715 1475 1773 1550 in·
1898 1548 1899 1559 ,

366 1599 510 1676 dustria
527 1626 617 1674 cum
640 1598 847 1674 maioribus
877 1598 954 1674 suis
975 1600 1208 1676 contendat?
1231 1601 1347 1676 etiam
1373 1598 1547 1676 homines
1572 1600 1682 1689 nori,
1705 1598 1772 1702 qui
1898 1602 1899 1625 ¹

367 1739 479 1800 antea
503 1749 571 1828 per
588 1723 767 1799 virtutem
797 1723 899 1798 soliti
923 1740 1035 1798 erant
1058 1724 1299 1801 nobilitatem
1317 1725 1553 1814 antevenire,
1577 1723 1715 1800 furtim
1735 1739 1775 1798 et
1898 1736 1899 1789 i

372 1875 441 1954 per
470 1849 669 1924 latrocinia
697 1847 823 1952 potius
849 1876 967 1951 quam
991 1848 1102 1924 bonis
1123 1849 1271 1924 artibus
1293 1849 1344 1925 ad
1369 1849 1530 1954 imperia
1552 1865 1591 1924 et
1611 1847 1775 1924 bonores
1898 1938 1899 1963 ἶ

369 1973 572 2066 nituntur,
596 1971 759 2076 proinde
781 1970 889 2074 quasi
920 1989 1086 2075 praetura
1110 1989 1149 2050 et
1170 1974 1389 2049 consulatus
1414 1989 1531 2075 atque
1552 1972 1627 2048 alia
1645 1971 1774 2049 omnia
1898 2054 1899 2073 χ

369 2096 631 2174 huiuscemodi
652 2123 722 2201 per
749 2119 786 2170 se
804 2095 883 2198 ipsa
908 2095 1012 2171 clara
1029 2113 1068 2173 et
1085 2097 1287 2203 magnifica
1306 2099 1401 2193 sint,
1424 2123 1470 2172 ac
1503 2124 1583 2173 non
1614 2095 1775 2201 perinde
1898 2116 1899 2143 ³

369 2220 606 2310 habeantur,
631 2235 841 2308 uteorum,
863 2220 988 2324 quiea
1007 2222 1216 2312 sustinent,
1238 2222 1357 2298 virtus
1374 2239 1436 2300 est
1476 2225 1624 2298 Verum
1642 2248 1710 2328 ego
1730 2221 1778 2294 li·
1898 2234 1899 2263 l

374 2347 501 2422 berius
514 2345 704 2448 altiusque
718 2343 896 2447 processi,
921 2345 1016 2421 dum
1036 2372 1097 2422 me
1110 2345 1271 2424 civitatis
1286 2374 1437 2422 morum
1453 2344 1556 2451 piget
1571 2345 1779 2448 taedetque3

376 2498 483 2548 nunc
503 2469 555 2544 ad
573 2470 770 2572 inceptum
787 2468 907 2543 redeo.

347 2621 371 2679 ·5
483 2593 630 2668 bellum
652 2592 863 2696 scripturus
881 2616 985 2682 sum,
1010 2592 1115 2696 quod
1134 2593 1300 2696 populus
1320 2595 1512 2669 Romanus
1537 2620 1628 2668 cum
1643 2595 1780 2698 Iugur-

377 2718 466 2809 tha,
493 2743 576 2824 rege
604 2715 878 2807 Numidarum,
912 2717 1037 2824 gessit:
1071 2717 1243 2820 primum
1271 2717 1362 2821 quia
1391 2745 1574 2822 magnum
1601 2733 1639 2794 et
1668 2733 1778 2794 atrox

381 2923 425 2965 ιι.
447 2923 534 2986 pron.
555 2921 615 2961 om.
643 2899 709 2960 Ecc.
742 2917 815 2979 copo
828 2917 881 2977 ego
897 2897 969 2956 aud.
997 2914 1050 2974 ego
1073 2914 1135 2955 om.
1156 2895 1275 2960 Leida.
1287 2896 1316 2956 b.
1328 2919 1354 2964 c.
1370 2897 1434 2958 d.e.
1446 2899 1466 2958 1.
1480 2901 1538 2981 g.i.
1553 2899 1581 2964 l.
1601 2902 1644 2959 cd
1656 2898 1780 2960 aarum

376 3013 442 3075 Mas.
455 3005 591 3068 Putschii.
613 3004 645 3064 in
661 3023 718 3064 sese
738 3024 799 3062 om.
813 3001 895 3062 Leid.
906 3004 927 3062 i.
950 3001 1016 3060 hot.
1027 3000 1165 3060 dicebam
1184 3001 1265 3067 Leid.
1279 3004 1300 3062 s.
1311 3025 1339 3085 g.
1358 3003 1488 3082 glorium
1499 3005 1645 3065 maiorum
1665 3005 1738 3064 ilem
1754 3027 1782 3064 1.

376 3117 455 3178 Vrat.
469 3113 498 3174 ὅ.
520 3111 617 3172 Guclt
629 3115 656 3174 3.
673 3129 718 3170 10.
735 3131 780 3168 11.
800 3108 881 3167 Laid.
893 3105 925 3172 h.
948 3107 1011 3186 quis
1022 3107 1155 3168 omruiun
1174 3107 1270 3173 Struv.
1292 3107 1390 3173 Gucll.
1403 3110 1431 3169 6.
1441 3132 1470 3190 9.
1490 3110 1572 3170 Leid.
1584 3109 1615 3171 h.
1636 3131 1708 3190 qum
1728 3112 1782 3170 di-

376 3221 426 3284 cit.
445 3221 513 3280 Seu.
528 3239 554 3278 1.
575 3217 636 3276 bas.
653 3237 677 3282 1.
698 3213 811 3275 Fabric.
828 3211 944 3273 Vratisl.
963 3213 1059 3274 Strnv.
1087 3214 1200 3294 aliquot
1215 3211 1312 3272 Guell.
1338 3213 1418 3274 Laid.
1433 3216 1491 3279 as.
1508 3218 1528 3274 l.
1550 3217 1683 3276 meliorus
1702 3215 1783 3276 nivii
1898 3226 1900 3253 ’

378 3337 406 3386 et
425 3326 541 3386 Gruteri
556 3321 634 3384 libri.
656 3319 707 3401 qui
721 3338 783 3379 non
802 3318 897 3381 ceteri.
918 3327 1008 3376 anteo
1027 3337 1088 3377 om.
1107 3319 1203 3379 Strov.
1222 3317 1319 3378 Guell.
1336 3340 1380 3378 ιο.
1412 3320 1509 3399 potius
1522 3341 1611 3400 quom
1633 3322 1700 3387 hon,
1720 3332 1782 3380 art.

379 3451 440 3490 om.
461 3431 544 3496 bem,
564 3451 589 3493 1.
618 3425 880 3506 dapmnum
908 3423 1013 3495 besl.
1035 3424 1101 3489 Ece.
1130 3424 1258 3490 sema.
1279 3426 1416 3487 etodh..
1436 3425 1495 3485 Erl.
1519 3425 1645 3506 proinde
1671 3427 1733 3486 Bas.
1754 3449 1781 3485 1.
1898 3470 1900 3497 ,

379 3537 475 3596 Senot.
493 3555 520 3594 a.
549 3534 650 3593 Heuss.
670 3531 831 3592 vraha&
854 3529 958 3603 ,Guelli
974 3528 1038 3588 1.3.
1060 3549 1162 3589 omncs
1179 3530 1260 3590 Leid.
1276 3551 1336 3596 exc.
1351 3552 1379 3612 g.
1389 3528 1419 3589 h.
1429 3551 1461 3590 n.
1479 3529 1556 3593 llirii
1567 3533 1633 3595 Mae.
1655 3531 1783 3612 perinde
1898 3528 1900 3581 l

380 3641 476 3718 ceteri.
494 3648 718 3719 proetumcons.
736 3635 831 3696 Struv.
852 3633 950 3694 Guell.
971 3653 1016 3693 12.
1045 3632 1161 3714 alioque
1177 3635 1279 3694 omnio
1303 3635 1408 3696 Struv..
1426 3634 1488 3694 olio
1508 3655 1569 3696 om.
1590 3636 1680 3702 head.
1698 3636 1780 3697 Laid.

381 3767 412 3806 n.
434 3744 536 3805 omnio
554 3763 615 3802 om.
631 3743 711 3804 Vrat.
731 3761 756 3799 1.
776 3740 873 3801 Guell'.
891 3741 919 3798 5.
938 3759 985 3799 ιο.
1004 3738 1086 3798 Lcid.
1101 3739 1122 3796 i.
1144 3738 1317 3798 omnioolio
1337 3738 1437 3810 baad.
1455 3760 1510 3820 per
1520 3740 1632 3821 seipse
1647 3741 1709 3821 ipso
1721 3762 1781 3800 om.

380 3851 460 3912 Vrnt.
474 3872 499 3911 1.
522 3850 679 3909 Guels.1a.
700 3847 783 3906 claro
805 3863 908 3924 magn.
933 3844 995 3910 Bos.
1011 3865 1036 3903 ι.
1059 3843 1272 3925 mngw'ficoqzw
1290 3844 1351 3904 Bas.
1364 3844 1393 3915 4.
1413 3844 1465 3923 qni
1476 3847 1615 3906 culinen!
1635 3847 1739 3912 incest.
1755 3867 1781 3910 ι.
1898 3850 1900 3927 ξ

382 3957 492 4036 quicar
517 3955 579 4015 Bas.
599 3978 624 4014 1.
642 3953 774 4034 pigetque
787 3952 928 4029 {cedetque
948 3949 1045 4014 Guell.
1059 3949 1087 4009 5.
1108 3952 1249 4030 fallatque
1269 3949 1440 4010 om..Guelf.
1456 3953 1485 4012 ὅ.
1898 3952 1899 3967 ’

466 4084 539 4166 Cup.
552 4085 580 4146 5¹.
613 4084 670 4158 fiu't
684 4083 754 4144 vict.
777 4080 874 4142 Guell.
891 4101 916 4140 1.
937 4079 1016 4143 Vrat.
1035 4099 1061 4138 1.
1083 4075 1195 4138 Fabric.
1207 4098 1234 4138 a.
1247 4077 1315 4154 suit
1334 4097 1395 4138 om.
1408 4075 1545 4150 Guelfil.
1565 4078 1676 4142 dehinc
1693 4081 1781 4143 ¹lead.
1898 4048 1899 4055 .

383 4193 468 4256 llam.
482 4215 507 4252 ι.
528 4191 624 4258 Gnell.
636 4190 665 4252 ὅ.
684 4209 728 4249 12.
749 4189 848 4268 pluro
865 4184 953 4248 llivii.
976 4184 1073 4245 Palat..
1091 4192 1168 4242 notae
1188 4182 1315 4242 melioris
1338 4181 1458 4243 Comm.
1485 4183 1567 4244 Leid.
1580 4204 1607 4244 e.
1620 4184 1648 4242 l.
1676 4186 1782 4249 douae

383 4301 461 4392 plur.
478 4296 574 4360 Codd.
587 4307 657 4358 tunc
670 4293 799 4374 primum
810 4288 1023 4376 pleriq.Codd·
1035 4289 1066 4352 in
1082 4286 1163 4375 quib.
1185 4286 1516 4359 1311.1.t.,rur.‚ssern.
1533 4310 1559 4355 1.
1580 4287 1782 4354 obviumot
