3850 4867
762 643 858 719 er.
896 646 924 718 Ι.

240 837 268 886 ι.
293 812 363 889 Res
384 816 520 927 populi
545 820 708 897 Romani
727 822 778 899 M
800 822 963 927 Lepido,
1006 825 1054 925 Q.
1084 823 1221 903 Catulo
1243 822 1470 901 Consulibus
1493 847 1539 899 ao

132 928 278 1012 deinde
302 938 450 1015 militiae
475 957 514 1018 et
534 941 638 1020 domi
661 960 778 1050 gestas
796 947 1002 1051 composui.
1030 994 1083 1013 -
1114 974 1147 1024 2.
1169 952 1263 1026 Cato
1296 948 1459 1023 Romani
1478 972 1540 1053 ge-

130 1057 240 1134 neris
275 1060 552 1145 disertissumus
587 1067 710 1145 multa
733 1071 865 1174 paucis
895 1071 1057 1148 absolvit
1069 1104 1081 1167 3
1116 1109 1179 1135 ·-
1230 1078 1261 1148 5.
1286 1072 1361 1146 Nos
1383 1070 1426 1146 in
1455 1086 1541 1148 tan·
1664 1143 1667 1154 .

132 1192 172 1255 ta
213 1182 531 1269 doctissumorum
560 1189 767 1271 bominum
798 1194 918 1299 copia.
980 1240 1034 1261 -
1064 1202 1099 1291 4.
1133 1196 1265 1299 Neque
1295 1220 1357 1270 me
1392 1193 1540 1270 divorsa

131 1328 225 1406 pars
250 1307 293 1384 in
318 1310 493 1392 civilibus
518 1315 633 1393 armis
658 1316 778 1395 movit
804 1344 1010 1397 avero-
1046 1317 1081 1397 5.
1104 1319 1219 1396 Nobis
1243 1318 1378 1423 primae
1399 1317 1541 1422 dissen-

129 1427 258 1507 siones
283 1434 378 1511 vitio
400 1433 564 1516 humani
582 1440 725 1547 ingenii
748 1466 926 1520 evenere:
951 1442 1072 1546 quod,
1096 1442 1265 1546 inquies,
1289 1458 1404 1543 atque
1430 1439 1541 1517 indo-

132 1552 297 1649 mitum,
321 1583 469 1666 semper
491 1563 533 1639 in
553 1564 760 1643 certamine
787 1565 972 1643 libertatis
1003 1582 1073 1643 aut
1103 1564 1234 1672 gloriae
1263 1580 1332 1639 aut
1367 1564 1540 1641 ‹lomina-

133 1676 252 1755 tionis
278 1682 363 1787 agit.
380 1730 433 1749 -
455 1690 492 1764 6.
514 1687 612 1763 Nam
635 1715 658 1763 a
684 1688 896 1794 primordio
918 1689 1026 1766 urbis
1046 1688 1098 1765 ad
1125 1688 1272 1764 bellum
1294 1688 1396 1763 Persi
1417 1688 1543 1763 Maee-

133 1800 331 1881 donicum
344 1853 397 1872 -
423 1836 455 1910 7.
490 1812 559 1887 Res
578 1814 750 1889 Romana
776 1814 992 1918 plurimum
1018 1811 1178 1915 imperio
1196 1810 1336 1901 valuit,
1362 1812 1436 1885 Ser.
1457 1809 1543 1885 Sul-

133 1927 233 2030 pitio
253 1946 293 2005 et
324 1932 373 2007 Μ.
403 1934 586 2011 Marcello
607 1936 836 2013 Consulibus
857 1936 963 2013 omni
988 1933 1118 2010 Gallia
1144 1934 1197 2010 cis
1221 1930 1399 2008 Rhenum
1426 1948 1542 2036 atque

134 2077 242 2131 mare
260 2073 437 2133 nostrum
457 2076 572 2164 atque
587 2062 806 2152 Oceanum,
831 2060 903 2137 nisi
927 2086 1014 2163 quae
1034 2085 1057 2133 a
1080 2056 1288 2163 paludibus
1316 2055 1392 2130 fuit
1419 2056 1541 2147 invia,

135 2176 240 2255 inter
259 2181 480 2284 perdomita„
526 2184 705 2288 Optumis
728 2200 857 2261 autem
880 2183 1052 2260 moribus
1071 2198 1112 2259 et
1131 2168 1310 2257 maxuma
1335 2178 1541 2256 eoncordia
1589 2268 1601 2289 ,

129 2302 210 2411 egit
236 2303 403 2408 populus
427 2308 620 2385 Romanus
652 2308 753 2383 inter
775 2306 986 2383 secundum
1004 2321 1120 2411 atque
1141 2319 1374 2409 postremum
1394 2303 1542 2379 bellum

139 2426 456 2531 Carthaginiense.

238 2556 270 2627 8.
296 2557 347 2626 At
364 2551 550 2629 discomlia
576 2572 614 2629 et
632 2556 812 2649 avaritia,
834 2572 950 2660 aque
966 2555 1145 2646 ambitio,
1169 2571 1208 2631 et
1224 2571 1346 2631 cetera
1368 2536 1543 2629 sehundis

142 2674 251 2755 rebus
279 2674 372 2751 oriri
391 2692 496 2753 sueta
520 2678 638 2770 mala,
663 2697 749 2784 post
771 2678 1009 2785 Carthaginis
1026 2679 1235 2757 exscidium
1255 2704 1434 2755 maxume
1453 2702 1543 2753 auc-

243 2921 269 2959 ι.
289 2900 398 2961 Donat.
414 2902 451 2961 nd
479 2901 551 2967 Aen.
579 2903 714 2963 1.Prise.
738 2905 790 2977 15,
815 2925 847 2978 n,
871 2904 943 2976 616;
971 2903 1021 2963 sed
1041 2902 1189 2976 idom15,
1212 2901 1247 2976 3,
1264 2900 1323 2963 623
1341 2925 1348 2960 ι
1369 2900 1427 2961 Res
1441 2901 1544 2981 populi

141 2996 267 3063 Romani
281 3004 389 3066 Marco
402 3006 513 3085 Lepido
528 3005 688 3087 Catuloquo
710 3006 789 3069 Coss.
810 3030 848 3069 ac
869 3007 976 3069 deinde
1000 3009 1084 3070 domi
1097 3018 1125 3069 et
1141 3009 1253 3070 militia
1286 3018 1400 3089 gestus,
1422 3008 1472 3068 sed
1488 3008 1542 3069 cfr.

141 3098 238 3173 Rufin.
259 3108 296 3169 de
317 3132 448 3191 compos.
465 3124 495 3172 et
508 3116 606 3173 metris
621 3125 771 3173 oratorum
795 3136 863 3197 pag.
883 3114 951 3174 355.
972 3114 1027 3173 Ed.
1047 3114 1260 3196 Cuperrouerii.
1274 3146 1316 3161 -
1346 3133 1373 3171 2.
1395 3114 1447 3171 cir.
1467 3112 1543 3169 Mar.

141 3204 209 3269 sab.
220 3212 364 3283 l'ielorin.
375 3216 407 3275 iu
422 3215 580 3278 Rheucie.
589 3240 621 3299 p.
637 3218 702 3297 ¹49·
717 3215 816 3277 schol.
831 3217 869 3277 nd
883 3218 985 3277 Horat.
998 3218 1082 3283 Salis.
1101 3239 1126 3283 r.
1147 3238 1192 3277 ιο.
1205 3239 1223 3298 9
1232 3240 1243 3290 ς
1262 3217 1341 3278 Serv.
1355 3214 1404 3275 ed.
1423 3214 1496 3273 Aen.
1515 3234 1541 3273 r.

143 3313 189 3390 95·
207 3350 247 3367 -·
267 3320 387 3383 Merv.
404 3322 443 3382 od
465 3320 536 3389 Aen.
560 3322 596 3397 4,
619 3321 740 3385 213.-
760 3322 789 3391 l.
799 3320 888 3380 Corn.
904 3321 1014 3382 Fronto
1033 3342 1056 3381 o.
1072 3344 1101 3385 v.
1117 3323 1215 3385 morit.
1229 3356 1270 3370 -
1298 3323 1327 3382 5.
1348 3320 1432 3380 Prisc.
1451 3318 1489 3391 5,
1511 3319 1541 3391 4,

147 3418 209 3482 ¹83.
229 3424 311 3485 nobis
327 3446 419 3508 mmor
432 3426 508 3487 cod.
523 3426 607 3491 Prisc.
628 3426 658 3486 S.
678 3426 797 3486 Martini
815 3424 1009 3485 Lemniensis.
1030 3427 1131 3486 idem:
1151 3427 1252 3507 agitur·
1270 3426 1310 3485 ita
1326 3422 1441 3485 otCod.
1457 3420 1542 3482 Tho·

144 3539 231 3587 ”nuu
245 3562 288 3582 -·-
312 3532 341 3597 6.
363 3532 448 3593 Prisc.
473 3554 527 3613 17,
549 3553 607 3605 nr,
625 3532 673 3593 85.
695 3533 748 3592 clr.
768 3532 855 3592 otiam
872 3530 957 3593 Prisc.
978 3531 1028 3601 ¹4·
1052 3550 1083 3603 π,
1108 3533 1176 3613 589.
1199 3528 1283 3593 Proh.
1302 3526 1422 3589 Cnlhol.
1453 3528 1542 3601 1468.

145 3622 193 3688 Fal.
208 3632 320 3696 Pulaeh.
340 3636 463 3716 Sosipat.
478 3635 590 3702 Charis.
607 3638 678 3701 lnst.
696 3635 828 3697 Gmmm.
843 3658 874 3717 p.
889 3636 938 3695 52.
963 3637 1044 3693 Serv.
1074 3633 1147 3694 hen.
1160 3636 1198 3709 8,
1215 3633 1286 3695 383.
1306 3632 1347 3692 id.
1364 3633 1403 3694 od
1423 3633 1495 3694 Aen.
1516 3655 1543 3710 ι,

147 3728 191 3804 34·
210 3759 229 3797 ιι
241 3738 387 3821 ρνίιωῲίο
403 3743 484 3823 legit,
506 3760 578 3800 rrum
594 3760 657 3800 non
674 3738 770 3799 babet.
781 3772 822 3795 -η
844 3762 872 3820 7.
896 3739 1034 3799 victorin.
1046 3739 1077 3796 in
1094 3737 1119 3797 1.
1132 3736 1328 3800 Rhetor.Cio.
1343 3758 1411 3821 pag.
1430 3739 1496 3797 105.
1511 3740 1536 3799 is

120 3848 125 3863 '
148 3849 234 3900 lulum
252 3845 342 3926 legit,
347 3844 415 3922 fuit
431 3844 511 3907 invio
527 3856 556 3905 et
570 3846 660 3926 paulo
680 3854 746 3925 post
759 3844 918 3903 seeundum
938 3862 976 3902 ac
989 3876 1017 3902 ·.
1038 3843 1197 3904 secuudum
1211 3852 1299 3923 atque
1315 3842 1396 3906 sen.
1415 3842 1453 3902 od
1470 3841 1543 3904 Aen.

150 3938 260 4029 Mle.
280 3950 334 4010 osr.
347 3950 499 4032 Augustin.
521 3950 585 4015 Cir.
605 3948 671 4008 Dei.
694 3949 791 4022 n,18.
811 3948 889 4007 Non.
904 3948 1033 4008 Marcell.
1055 3966 1092 4019 2,
1123 3948 1188 4009 180.
1208 3944 1268 4009 boo
1284 3946 1389 4011 ordino
1404 3947 1464 4009 nui
1485 3966 1543 4027 qim

144 4044 201 4119 filil
212 4053 365 4131 nundum
387 4054 477 4117 ἰηνία.
502 4053 650 4114 Δωυιίαη.
665 4053 794 4113 Marcell.
815 4051 891 4118 Edit.
911 4050 1248 4128 Gronov.15,1s,suh
1262 4052 1316 4118 fin.
1350 4050 1433 4114 Nom
1444 4068 1544 4115 omues

157 4136 252 4218 Gallia
265 4158 323 4220 nisi
339 4179 399 4239 quo
410 4159 567 4240 paludibus
581 4159 666 4221 insin
673 4159 773 4235 suere.
783 4188 825 4203 -

206 4261 233 4324 8.
251 4260 370 4348 lenus.
394 4264 459 4336 civ.
477 4264 541 4326 Dei.
561 4284 598 4343 π,
622 4264 668 4327 rs.
684 4270 712 4327 el
733 4261 825 4334 5,12.
845 4260 1153 4345 responsionum
1177 4265 1271 4326 mullo
1291 4257 1447 4345 depravato
1464 4266 1541 4320 runt.
