3850 4867
382 317 451 392 116

379 513 434 573 tes
456 515 555 578 eant.
598 500 733 578 Occiso
749 501 903 580 Tiberio
923 501 1116 596 Graccho,
1141 531 1256 609 quem
1276 527 1435 608 regnum
1458 525 1593 606 parare
1616 495 1762 581 aiebant,

381 620 423 696 in
444 611 597 726 plebem
610 627 822 702 Romanam
845 629 1069 731 questiones
1090 625 1351 704 habitassent.
1388 630 1474 702 Post
1493 628 1532 702 G
1552 617 1713 700 Gracchi
1733 629 1763 690 et

381 745 430 820 M.
451 748 577 824 Fulvii
607 751 761 826 caedem
792 751 884 826 item
914 753 1025 827 vestri
1054 752 1198 828 culinis
1222 751 1335 827 multi
1363 749 1539 824 mortales
1564 747 1604 822 in
1632 763 1765 820 carnem

383 871 507 944 necati
529 889 644 948 sunt:
669 875 869 977 utriusque
889 874 1008 950 cladis
1026 902 1106 951 non
1128 876 1189 950 lex
1210 901 1344 950 verum
1363 872 1495 948 lubido
1513 897 1646 946 eorum
1663 863 1767 940 finem

299 1030 301 1035 ·
383 992 481 1068 fecit.
506 995 579 1070 Sed
597 1023 688 1073 sane
703 997 820 1074 fucrit
839 998 944 1103 regni
964 998 1131 1101 paratio,
1149 997 1254 1102 plebi
1267 1023 1336 1072 sua
1359 997 1571 1090 mstituere3
1596 987 1768 1097 quicquid

382 1116 464 1192 sine
481 1119 668 1224 sanguine
684 1121 826 1196 civium
847 1122 978 1196 ulcisci
999 1123 1199 1226 nequitur,
1224 1122 1308 1196 iure
1331 1119 1477 1196 factum
1497 1119 1553 1194 sit.
1605 1113 1770 1220 Superio-

383 1242 455 1316 bus
471 1243 582 1318 annis
599 1245 704 1319 taciti
725 1246 1050 1350 indignabamini,
1075 1245 1254 1321 aerarium
1274 1243 1432 1348 expilari
1443 1277 1453 1338 3
1478 1267 1578 1347 reges
1599 1257 1638 1316 et
1657 1261 1770 1344 popu·

384 1363 439 1438 los
474 1364 613 1442 liberos
640 1368 772 1470 paucis
801 1368 996 1444 nobilibus
1028 1369 1186 1474 vectigal
1211 1367 1395 1472 pendere3
1426 1391 1540 1472 penes
1564 1363 1712 1440 eosdem
1740 1377 1773 1434 et

383 1511 571 1563 summam
596 1490 758 1594 gloriam
776 1507 815 1566 et
833 1517 1028 1567 maxumas
1055 1491 1205 1567 divitias
1231 1515 1334 1566 esse:
1361 1505 1488 1564 tamen
1510 1487 1593 1563 hoec
1615 1486 1705 1562 talia
1725 1483 1775 1558 fa·

384 1610 516 1686 cinora
546 1612 704 1716 impunc
730 1615 952 1719 suscepisse,
978 1642 1117 1720 parum
1135 1613 1313 1690 habuere.
1363 1617 1497 1716 Itaque
1519 1627 1709 1716 postremo
1729 1609 1776 1682 le·

383 1759 466 1838 ges,
491 1737 662 1814 maiestas
682 1754 822 1829 vestra,
847 1739 978 1814 divina
1004 1755 1044 1814 et
1081 1737 1253 1813 humana
1282 1735 1410 1812 omnia
1440 1735 1611 1812 hostibus
1640 1732 1774 1808 tradita

382 1874 483 1932 sunt
519 1861 650 1964 Neque
668 1887 749 1952 eos,
766 1863 833 1964 qui
852 1889 896 1938 ea
917 1862 1054 1951 fecere,
1079 1861 1200 1966 pudet
1216 1875 1284 1934 aut
1307 1859 1489 1963 poenitet:
1514 1859 1578 1934 sed
1598 1857 1780 1962 incedunt

386 2007 538 2086 perora
558 2001 678 2060 vestra
695 1984 908 2090 magnifici3
929 1985 1139 2061 sacerdotia
1156 1999 1196 2060 et
1210 1983 1446 2073 consulatus,
1464 2007 1551 2085 pars
1570 1979 1780 2085 triumphos

384 2129 470 2182 suos
500 2125 754 2187 ostentantes:
779 2108 940 2214 perinde
959 2109 1068 2212 quasi
1097 2135 1140 2184 ea
1161 2104 1300 2184 honori
1338 2133 1418 2182 non
1448 2106 1586 2210 praedae
1606 2106 1780 2181 habeant.
1894 2125 1895 2138 ¹

384 2231 487 2308 Servi
509 2257 582 2308 πω
610 2233 734 2338 parati
751 2233 892 2309 iniusta
914 2232 1073 2338 imperia
1094 2232 1339 2308 dominorum
1357 2257 1437 2308 non
1458 2229 1684 2334 perferunt:
1706 2253 1780 2314 vos,

384 2353 573 2452 Quirites,
600 2357 758 2462 imperio
782 2357 881 2448 nati,
907 2383 1017 2459 oequo
1036 2356 1165 2432 animo
1184 2355 1400 2432 servitutem
1420 2353 1594 2431 toleratis.
1646 2350 1779 2455 Atqui

381 2495 472 2553 sunt
499 2477 558 2570 hi,
585 2483 653 2583 qui
685 2481 964 2586 rempublicam
989 2482 1244 2587 occuparer-el
1279 2477 1450 2556 homines
1477 2477 1781 2563 scelestissumi,

383 2695 460 2736 unns
473 2677 593 2753 Wnssii,
613 2695 669 2737 esse
688 2677 756 2763 Τις.
777 2691 810 2740 ut
824 2690 930 2742 contro
949 2680 1011 2740 Bas.
1034 2701 1060 2741 1.
1086 2679 1187 2741 ndmst
1205 2679 1261 2760 ioci
1277 2699 1358 2740 mors
1384 2679 1445 2741 Bas.
1462 2701 1487 2740 ι.
1507 2678 1577 2742 vin.
1589 2699 1617 2739 a.
1647 2677 1783 2740 Graccho

384 2779 446 2840 Bas.
467 2803 492 2848 1.
518 2781 602 2847 Febr.
621 2794 650 2843 et
667 2786 847 2846 vetustissimi
861 2785 957 2847 Guell.
980 2783 1094 2846 Gracco
1115 2785 1212 2860 multi,
1229 2781 1327 2846 Graoo
1345 2787 1441 2846 cauri.
1471 2805 1594 2864 regnum
1611 2783 1667 2845 sibi
1675 2802 1785 2864 parare
1893 2869 1894 2876 ³

383 2883 486 2952 Franc.
506 2885 557 2948 Ac.
578 2889 677 2948 Hense.
696 2889 762 2950 Sen.
774 2911 802 2951 a.
822 2890 907 2951 Bern.
927 2911 952 2950 1.
974 2889 1123 2970 qumstion.
1138 2909 1241 2969 graves
1260 2891 1319 2950 inc.
1340 2893 1434 2955 Struv.
1453 2891 1558 2951 Franc.
1578 2894 1676 2971 plures
1687 2889 1784 2949 Guell.
1893 2951 1894 2958 .

382 3011 465 3072 grav.
479 3013 506 3072 q.
526 2989 607 3053 Leid.
621 3015 648 3052 a.
660 2991 691 3053 h.
707 2995 734 3053 Ιι.
754 2996 886 3077 plerique
896 2995 984 3056 Palas.
1005 2996 1142 3084 (exceptis
1154 2995 1222 3054 Nan.
1235 2993 1398 3074 etComm.)
1420 2997 1478 3055 Erl.
1500 2997 1584 3056 Bam.
1596 3016 1622 3060 ι.
1644 2994 1786 3055 itemst-s·

383 3096 426 3155 tri
441 3099 506 3162 ord.
522 3119 561 3157 m.
576 3119 616 3157 m.
636 3098 677 3158 ita
694 3100 815 3180 plurimi
828 3099 909 3160 Cort.
929 3101 988 3160 Erl.
1009 3099 1070 3160 Bas.
1084 3119 1109 3158 1.
1123 3099 1152 3171 4.
1173 3097 1258 3159 Bam.
1279 3121 1304 3160 ι.
1317 3103 1344 3162 3.
1367 3101 1434 3160 item
1449 3121 1488 3160 m.
1504 3121 1533 3161 v.
1546 3122 1574 3165 o.
1590 3111 1645 3161 etc.
1668 3099 1786 3178 [omino

383 3203 530 3281 mortales)
552 3202 824 3269 Gnell.1.l·’abrie.
845 3203 942 3265 Turio.
963 3226 1004 3270 m.
1015 3225 1062 3285 pr.
1083 3201 1174 3265 libido
1189 3223 1291 3266 eorum
1312 3225 1398 3286 pron.
1411 3225 1473 3264 om.
1489 3205 1586 3266 Guell.
1600 3227 1630 3287 9.
1652 3203 1737 3268 Bern.
1758 3226 1784 3263 1.

383 3307 468 3386 regni
487 3307 636 3388 reparabis
655 3307 745 3369 lead.
765 3309 860 3372 saus.
888 3308 992 3373 Franc.
1019 3309 1121 3369 iacent.
1146 3307 1247 3368 Gnels.
1267 3331 1293 3368 ι.
1308 3333 1335 3392 7.
1352 3330 1397 3369 ιο.
1413 3331 1457 3369 ιι.
1474 3331 1520 3370 ιι.
1545 3311 1626 3378 Laid.
1640 3313 1706 3374 sle.
1721 3309 1787 3371 fib.

382 3408 440 3469 Erl.
461 3411 523 3471 Bas.
535 3413 563 3482 4.
584 3433 638 3473 suo
651 3411 720 3473 iura
738 3411 805 3474 Eos.
825 3410 877 3472 Ac.
896 3413 992 3473 Snus.
1020 3412 1124 3475 Franc.
1151 3412 1231 3474 Vrat.
1245 3413 1274 3480 3.
1303 3414 1399 3475 Guell.
1412 3415 1440 3486 4.
1456 3439 1483 3498 7.
1495 3439 1524 3498 9.
1538 3437 1583 3484 no.
1599 3439 1645 3479 11.
1659 3437 1704 3478 ra.
1724 3417 1787 3478 Erl.

382 3510 482 3585 Baal-
507 3514 632 3577 tems.
656 3515 792 3595 nequitur
821 3516 921 3580 Vinar.
939 3539 965 3581 ι.
995 3517 1090 3577 Senes.
1104 3539 1133 3581 a.
1160 3518 1261 3579 Haeo.
1286 3517 1382 3585 Guels.
1398 3542 1423 3585 1.
1444 3521 1529 3583 Rem.
1550 3545 1576 3584 a.
1598 3535 1627 3584 st
1641 3524 1738 3584 Senat-
1752 3544 1782 3590 ι.

383 3614 479 3676 Guell.
492 3637 519 3677 a.
531 3619 560 3680 3.
573 3619 602 3691 4.
622 3641 662 3680 m.
670 3642 717 3702 pr.
738 3621 818 3682 leid.
827 3625 849 3681 l.
870 3621 1027 3681 dnollivii.
1048 3621 1178 3683 Beroald.
1199 3621 1261 3684 llas.
1275 3645 1300 3684 ι.
1322 3647 1363 3684 m.
1379 3648 1425 3708 pr.
1456 3629 1645 3707 inresectum
1654 3637 1695 3690 est
1715 3628 1785 3702 Ecc,

384 3719 481 3788 Gucll.
493 3742 539 3784 ιι.
558 3723 627 3807 Teg.
646 3725 786 3786 moriam
800 3723 959 3807 exspoliari
982 3725 1050 3788 vin.
1064 3746 1091 3786 a.
1111 3727 1205 3790 Serv.
1232 3727 1336 3792 Frane.
1356 3732 1475 3792 Merscb.
1496 3733 1583 3796 nivii.
1604 3733 1675 3816 lleg.
1695 3733 1788 3794 Was-

382 3827 427 3890 sii.
446 3825 526 3888 Vrat.
538 3827 568 3889 3.
589 3828 711 3913 Remi.
731 3829 828 3897 Guell.
839 3852 868 3913 7.
886 3851 931 3890 ιο.
947 3851 993 3890 ιι.
1014 3829 1094 3896 leid.
1107 3853 1134 3896 a.
1147 3831 1176 3892 b.
1190 3833 1221 3898 d.
1234 3853 1260 3893 e.
1273 3855 1314 3893 m.
1341 3844 1370 3894 et
1383 3854 1528 3896 summam
1540 3836 1673 3918 gretiam
1697 3835 1786 3906 Ram.

386 3949 414 3992 a.
435 3929 499 3991 hoec
511 3931 584 3991 talio
592 3932 694 4009 facin.
714 3934 788 3995 talia
802 3956 864 3996 om.
880 3933 965 3995 Faba.
980 3956 1008 3996 2.
1029 3944 1056 3996 st
1071 3934 1131 3996 atta
1149 3935 1246 3998 Guell.
1261 3961 1289 4019 7.
1310 3939 1461 4019 magnifici
1480 3941 1547 4003 Eoo.
1568 3940 1665 4002 Gaell.
1678 3947 1707 4007 3·
1729 3943 1788 4004 vi-

385 4054 447 4098 nsr.
464 4054 491 4094 ι.
512 4035 580 4098 Ecc.
601 4037 651 4103 lle.
670 4039 738 4100 Seu.
749 4057 778 4100 a.
799 4039 898 4099 lleuss.
918 4039 980 4104 Bas.
997 4060 1021 4100 ι.
1042 4051 1071 4100 st
1083 4041 1121 4100 in
1136 4039 1250 4102 Gmter.
1272 4041 1352 4102 leid.
1364 4065 1390 4110 a.
1407 4043 1436 4104 b.
1451 4065 1476 4105 c.
1495 4047 1515 4112 l.
1528 4065 1557 4128 g.
1572 4047 1592 4112 i.
1605 4050 1625 4111 l.
1641 4068 1683 4106 m.
1697 4045 1786 4109 Bern.

385 4159 413 4202 ι.
434 4139 588 4219 magnifice
602 4145 699 4206 estem
715 4143 844 4228 proinde
860 4141 988 4224 quasise
1006 4141 1105 4206 Gnell.
1120 4165 1146 4207 ι.
1160 4143 1190 4208 ὅ.
1216 4147 1276 4208 ine.
1287 4167 1317 4210 a.
1338 4149 1417 4214 Vrst.
1436 4171 1461 4211 ι.
1482 4149 1551 4214 San.
1564 4171 1591 4213 a.
1613 4151 1715 4221 llenss.
1750 4173 1785 4218 eo
