3850 4867
413 323 463 416 ιο

403 507 505 594 nat,
543 531 633 580 cum
655 505 819 583 fascibus
844 523 960 610 atque
986 510 1071 584 aliis
1109 511 1259 618 imperii
1293 514 1503 618 insignibus
1536 515 1578 588 in
1604 531 1724 588 castra
1756 514 1800 588 ad

409 625 603 704 Manlium
623 631 829 706 contendit
867 633 960 707 Haee
974 633 1042 708 ubi
1066 635 1195 712 Romae
1214 655 1407 740 comperta
1431 654 1538 726 sunt,
1564 639 1722 712 Senatus
1736 639 1799 712 Ca·

410 751 563 828 tilinam
578 770 617 828 et
638 752 830 830 Manlium
852 753 969 830 hostis
989 757 1156 852 iudicat3
1187 777 1318 837 ceterae
1343 761 1585 835 multitudini
1612 761 1715 847 diem
1732 775 1799 834 sta-

411 875 510 964 tuit,
545 893 635 951 ante
664 902 782 979 quam
809 879 891 954 sine
910 877 1044 954 fraude
1067 880 1198 957 liceret
1218 884 1268 958 ab
1298 884 1413 958 armis
1439 883 1646 974 discedere,
1669 899 1799 987 praeter

407 999 538 1073 rerum
570 1000 794 1104 capitalium
816 1003 1087 1079 condemnatis
1142 1008 1323 1082 Praeterea
1346 1007 1546 1095 deceruit,
1579 1007 1638 1081 uti
1663 1009 1801 1080 Consu·

407 1119 462 1196 les
480 1121 670 1199 delectum
690 1122 877 1220 habeant3
901 1127 1091 1204 Antonius
1107 1155 1198 1204 cnm
1218 1129 1384 1205 exercitu
1407 1130 1613 1208 Catilinam
1630 1128 1799 1233 persequi

300 1353 305 1362 .
407 1261 591 1340 maturet;
617 1243 747 1350 Cicero
767 1249 856 1324 urbi
877 1250 1053 1353 proesidio
1071 1251 1128 1326 sit
1164 1255 1220 1326 Ea
1243 1265 1462 1356 tempestate
1479 1251 1577 1326 milri
1600 1252 1800 1354 imperium

282 1469 283 1474 ἵ
406 1370 544 1474 populi
573 1372 734 1447 Romani
757 1371 881 1448 multo
904 1400 1081 1448 maxume
1104 1375 1316 1450 miserabile
1345 1375 1469 1450 risum
1491 1392 1568 1449 est:
1593 1377 1657 1451 cui
1683 1401 1800 1477 quum

409 1491 460 1566 ad
484 1519 658 1569 occasum
691 1495 740 1570 ab
764 1511 852 1570 ortu
879 1494 967 1570 solis
993 1497 1122 1570 omnia
1150 1497 1294 1572 domita
1320 1499 1435 1571 armis
1460 1515 1666 1600 parerent3
1701 1496 1800 1572 domi

408 1616 531 1690 otium
549 1634 665 1720 atque
698 1617 866 1706 divitiae,
899 1643 986 1720 quae
1011 1619 1136 1721 prima
1168 1621 1344 1693 mortales
1368 1638 1527 1723 putant,
1565 1621 1800 1725 adlluerent3

405 1738 511 1814 fuere
531 1757 658 1816 tamen
674 1741 793 1829 cives,
817 1739 886 1842 qui
909 1765 1024 1842 seque
1041 1769 1197 1844 remque
1221 1745 1417 1846 publicam
1439 1743 1637 1818 obstinatis
1668 1743 1800 1817 animis

405 1863 599 1966 perditum
620 1864 729 1939 irent
766 1865 939 1966 Namque
957 1863 1107 1940 duobus
1128 1867 1256 1940 Senati
1274 1866 1448 1957 decretis,
1477 1891 1523 1940 ex
1550 1883 1658 1939 tanta
1674 1865 1802 1939 multi-

401 1985 559 2078 tudine,
585 2013 709 2087 neque
725 1987 882 2090 praemio
904 1985 1084 2061 inductus
1102 1989 1406 2064 coniurationem
1421 1989 1664 2091 patefecerat,
1679 2015 1800 2091 neque

406 2135 452 2185 ex
471 2105 603 2186 'castris
625 2109 800 2184 Catilinoe
819 2109 1024 2212 quisquam
1042 2111 1217 2184 omnium
1236 2111 1468 2202 discesserat3
1489 2127 1599 2185 tanta
1623 2113 1679 2187 vis
1703 2140 1800 2185 mor·

357 2232 462 2324 37bi,
490 2231 637 2334 (atque)
659 2233 718 2307 uti
748 2231 866 2322 tabes,
891 2231 1090 2335 plerosque
1117 2234 1261 2308 civium
1282 2232 1429 2307 animos
1447 2233 1641 2308 invaserat
1672 2236 1800 2336 Neque

402 2357 528 2432 solum
543 2357 622 2431 illis
647 2355 772 2430 aliena
792 2381 899 2430 meus
927 2373 1028 2445 erat,
1052 2357 1121 2459 qui
1148 2357 1293 2430 conscii
1319 2356 1613 2448 coniurationis;
1635 2357 1702 2431 sed
1724 2383 1800 2430 om-

404 2481 499 2554 niuo
519 2494 659 2554 cuncta
680 2479 807 2582 plebes
826 2505 1012 2554 novarum
1034 2507 1162 2554 rerum
1192 2479 1318 2553 studio
1340 2478 1514 2552 Catilinae
1538 2466 1698 2582 incepta¹
1716 2507 1800 2583 pro-

400 2602 528 2677 babat
566 2603 611 2677 Id
632 2602 726 2677 adeo
748 2628 853 2676 more
879 2627 947 2677 suo
975 2600 1180 2677 videbatur
1206 2601 1337 2676 facere.
1387 2603 1484 2675 Nam
1508 2628 1656 2705 semper
1679 2604 1721 2676 in
1751 2603 1800 2676 ci-

400 2798 485 2860 Leid.
499 2820 532 2864 ιι.
553 2798 759 2860 inuisitatem.
779 2799 875 2860 Struu
897 2799 997 2859 lleuss.
1016 2799 1203 2859 iuventutem.
1224 2797 1322 2860 Guell.
1334 2796 1362 2858 3.
1378 2819 1409 2876 9.
1437 2807 1586 2877 comperto
1598 2807 1675 2857 nant.
1696 2799 1760 2857 Bas.
1775 2821 1798 2856 1.

405 2923 434 2963 a.
450 2903 523 2974 Μ.
544 2904 742 2970 omnesLeid.
762 2903 847 2964 (ἧι-ιιι.
868 2905 958 2966 Wuss.
986 2903 1055 2962 Tur.
1072 2925 1097 2962 1.
1114 2925 1142 2962 a.
1168 2903 1253 2962 ch.
1274 2925 1299 2962 1.
1317 2923 1343 2962 a.
1362 2898 1391 2967 3.
1410 2912 1488 2962 sunl.
1520 2904 1618 2960 omisit
1632 2902 1715 2962 Cort.
1733 2905 1799 2968 edit.

403 3007 489 3068 Paris.
510 3017 580 3068 ante
595 3029 683 3088 quam
705 3009 793 3072 ἀίιιιι.
815 3011 875 3072 luc.
892 3029 919 3068 2.
941 3007 1038 3067 Guell.
1057 3029 1102 3066 ιι.
1123 3017 1298 3086 antequem.
1319 3007 1417 3066 Guell.
1433 3028 1477 3065 ιο.
1498 3007 1596 3071 Bacz.
1612 3008 1739 3072 Berua
1759 3011 1799 3069 ιί-

404 3115 561 3192 nesraude
575 3114 623 3172 lie.
642 3114 773 3172 aborm.
787 3113 859 3172 disc.
881 3111 938 3172 hoc
952 3112 1056 3172 ordine
1075 3111 1138 3171 llas.
1154 3133 1179 3171 ι.
1200 3113 1296 3172 Guell.
1316 3134 1340 3171 ι.
1358 3113 1385 3171 5.
1406 3114 1508 3171 inocrt.
1528 3112 1624 3172 Stnu'.
1644 3112 1694 3172 Ac.
1716 3115 1798 3174 Rem.

403 3230 497 3302 uterq.
519 3219 596 3277 Edit.
618 3217 702 3276 Paris.
723 3215 844 3276 Leidh.
858 3217 885 3280 lt.
898 3239 938 3275 m.
951 3237 982 3274 ιι.
1003 3215 1050 3274 liv.
1064 3216 1101 3275 ab
1118 3237 1194 3275 orm.
1209 3217 1282 3275 disc.
1297 3219 1380 3294 usr.
1399 3215 1516 3290 fabric.
1539 3217 1639 3276 lleuss.
1659 3218 1760 3283 l'inar.
1775 3242 1798 3277 ι.
1887 3276 1889 3281 .

396 3338 460 3386 tres
472 3324 568 3384 Guell.
588 3323 657 3405 Teg.
679 3321 759 3380 Leid.
771 3344 797 3385 a.
812 3343 837 3385 c.
854 3321 883 3380 d.
896 3343 921 3381 e.
936 3323 957 3380 l.
969 3343 998 3403 g.
1012 3323 1031 3379 i.
1044 3325 1065 3381 l.
1086 3331 1113 3380 et
1127 3319 1248 3380 catilin.
1268 3321 1336 3402 Τις.
1356 3320 1480 3380 Senatus
1494 3321 1643 3383 discernit.
1663 3322 1761 3382 Gucll.
1772 3326 1798 3387 6.

394 3440 433 3489 -ct
453 3429 570 3506 (omisso
588 3427 702 3504 sertata)
722 3425 790 3486 Vin.
807 3448 831 3485 1.
862 3447 922 3488 sen.
933 3427 1069 3486 decrevit.
1090 3426 1187 3486 Guell.
1202 3429 1231 3487 8.
1252 3427 1335 3490 llern.
1350 3448 1377 3490 ι.
1406 3426 1537 3485 deceruit
1550 3447 1610 3485 sen,
1636 3426 1750 3488 Fabric.
1773 3451 1798 3488 a.

401 3541 542 3616 pretereo
559 3532 694 3595 decrevit.
715 3529 811 3594 Gucll.
827 3553 854 3612 7.
872 3552 916 3596 ro.
943 3531 1005 3590 Bas.
1020 3552 1048 3591 a.
1068 3534 1137 3592 Vin.
1150 3553 1176 3590 2.
1197 3532 1276 3590 leid.
1289 3531 1319 3596 h.
1341 3532 1425 3592 Bern.
1439 3537 1467 3593 ι.
1492 3540 1635 3612 pretereo
1651 3533 1696 3592 uti
1719 3554 1797 3597 cons.

402 3637 543 3700 decernit.
576 3635 672 3699 Guels.
687 3658 715 3716 9.
741 3645 881 3716 praterea
905 3635 1007 3694 delcct
1024 3636 1092 3694 bob.
1108 3637 1226 3694 decern.
1249 3657 1278 3694 ιι.
1295 3655 1321 3696 c.
1342 3635 1480 3707 Caelia.
1501 3637 1649 3695 dilcctrun.
1680 3637 1795 3720 Erlaug.

398 3750 543 3824 paterent.
564 3739 660 3803 Guelf.
684 3761 728 3797 ιι.
756 3739 816 3798 Bas.
835 3760 861 3798 2.
881 3739 965 3797 Rem.
991 3751 1084 3820 uterq.
1106 3761 1145 3798 m.
1160 3761 1204 3819 pr.
1234 3741 1326 3799 vr'sum
1345 3750 1395 3799 cst.
1423 3741 1485 3800 Bas.
1511 3763 1534 3798 1.
1552 3763 1579 3800 ι.
1597 3741 1667 3812 bl.
1697 3764 1798 3803 omncs
1858 3755 1862 3761 “

399 3849 482 3909 Laid.
503 3846 619 3909 Gruter.
641 3845 730 3904 wass.
750 3843 818 3903 Tur.
836 3865 860 3902 1.
878 3865 904 3906 2.
925 3843 1010 3902 Bem.
1030 3867 1053 3903 1.
1072 3865 1099 3903 a.
1111 3844 1140 3904 3.
1160 3854 1210 3904 est.
1230 3847 1326 3903 omiss.
1339 3845 1420 3904 Cort.
1440 3865 1657 3924 sequercmque.
1678 3849 1719 3906 sic
1728 3853 1796 3928 plu-

401 3955 470 4014 rimi
487 3951 584 4012 Codd.
603 3950 690 4010 ceteri
712 3950 760 4028 (ut
772 3969 859 4029 supra
880 3970 905 4008 c.
920 3950 957 4028 9)
978 3961 1030 4008 ant
1045 3969 1074 4008 se
1088 3969 1203 4027 remque
1221 3959 1271 4008 aut
1286 3970 1319 4008 sc
1330 3960 1358 4008 et
1375 3969 1446 4010 rem.
1468 3970 1557 4029 neque
1572 3950 1676 4026 nliqm's
1686 3972 1736 4030 pr.
1748 3951 1796 4010 in-
1902 4024 1903 4029 η

401 4063 482 4120 ditet.
504 4058 607 4117 incerti
620 4067 649 4114 ct
666 4055 762 4114 Guell.
777 4077 805 4134 9.
827 4053 978 4134 quisquam
996 4054 1060 4117 iud.
1081 4053 1160 4112 Leid.
1177 4076 1204 4112 a.
1226 4054 1340 4125 morbi,
1361 4055 1407 4113 ιιιί
1422 4055 1508 4113 tobes.
1531 4066 1585 4112 tres
1601 4053 1720 4129 Wassii,
1735 4057 1794 4116 duo

401 4163 536 4236 Gruteri,
555 4181 631 4220 unus
647 4159 723 4219 llirii
737 4157 812 4218 Cod.
834 4169 919 4237 atquc
933 4161 1019 4218 eliam
1035 4161 1067 4218 in
1090 4158 1174 4222 Paris.
1191 4179 1215 4217 e.
1234 4179 1355 4219 erasum.
1377 4169 1463 4238 atque
1477 4160 1522 4217 ιιιί
1540 4159 1615 4217 tobes
1626 4162 1722 4226 ceteri.
1743 4164 1797 4222 de-

402 4278 533 4334 cetseral.
554 4266 633 4326 leid.
646 4287 672 4325 ιι.
684 4263 713 4324 b.
728 4285 754 4328 c.
765 4263 795 4322 d.
808 4285 833 4323 c.
846 4263 865 4324 l.
878 4285 906 4344 g.
921 4261 953 4323 h.
965 4265 985 4323 i.
997 4263 1024 4328 k.
1040 4268 1060 4321 ι.
