3850 4867
395 277 464 356 158

389 473 470 548 rat,
495 473 690 561 suspectus
715 457 794 560 regi
815 473 853 532 et
873 455 952 560 ipse
968 481 1056 530 eum
1083 453 1309 558 suspiciens,
1336 477 1450 560 noyas
1478 477 1534 528 res
1563 476 1732 556 cupere:
1756 449 1799 524 ad

389 580 600 686 perniciem
624 580 705 655 eius
741 579 876 656 dolum
903 601 1093 680 quaerere3
1127 577 1189 654 die
1212 593 1406 680 noctuque
1433 575 1590 680 fatigare
1612 575 1800 668 animum

390 705 560 808 denique
581 705 711 784 omnia
738 702 975 807 temptando,
996 700 1141 777 socium
1167 701 1239 776 sibi
1264 700 1440 804 adiungit
1466 699 1715 788 Nabdalsam,
1739 697 1801 772 ho-

388 830 533 904 minem
556 827 751 917 nobilem,
775 827 921 930 magnis
939 827 1076 930 opibus
1100 824 1248 900 clarum
1265 841 1539 929 acceptumque
1554 823 1801 928 popularibus

388 952 464 1026 suis
485 983 492 1024 :
517 952 585 1054 qui
604 951 832 1053 plerumque
846 975 1013 1025 seorsum
1027 950 1077 1024 ab
1099 975 1184 1053 rege
1202 949 1410 1024 exercitum
1441 947 1599 1024 ductare
1623 963 1663 1020 et
1684 949 1800 1022 omnis

388 1101 445 1150 res
461 1075 614 1176 exsequi
628 1075 760 1149 solitus
775 1092 873 1164 erat,
896 1098 982 1178 quae
999 1069 1195 1178 Iugurthae
1218 1071 1310 1146 fesso
1334 1087 1402 1145 aut
1416 1071 1625 1146 maioribus
1649 1071 1800 1146 adstric-

389 1216 428 1275 to
449 1215 745 1304 superaverant:
772 1225 818 1273 ex
840 1225 917 1301 quo
940 1197 998 1270 illi
1022 1196 1141 1301 gloria
1154 1221 1316 1298 opesque
1337 1196 1508 1270 inventae.
1568 1196 1692 1300 Igitur
1708 1198 1799 1270 utri-

386 1348 506 1426 usque
531 1322 690 1397 consilio
717 1321 795 1396 dies
820 1320 967 1396 insidiis
1000 1321 1212 1395 statuitur:
1248 1335 1395 1410 cetera,
1430 1320 1488 1393 uti
1520 1345 1577 1396 res
1614 1339 1780 1422 posceret
1791 1387 1803 1422 ,v

386 1472 433 1522 ex
451 1462 620 1548 tempore
635 1445 763 1548 parari
776 1443 931 1549 placuit
982 1442 1170 1520 Nabdalsa
1184 1441 1234 1518 ad
1248 1443 1455 1520 exercitum
1471 1443 1671 1548 profectus,
1689 1471 1800 1546 quem

387 1569 489 1644 inter
505 1568 666 1644 hiberna
689 1571 949 1644 Romanorum
975 1567 1093 1644 iussus
1109 1565 1298 1656 babebat,
1322 1593 1372 1642 ne
1397 1593 1506 1672 ager,
1534 1567 1667 1642 inultis
1686 1563 1799 1644 bosti-

386 1694 480 1781 bus,
506 1709 724 1768 vastaretur.
776 1696 810 1766 ls
833 1708 1036 1796 postquam
1059 1690 1325 1796 magnitudine
1346 1689 1525 1768 facinoris
1547 1692 1743 1795 perculsus
1755 1695 1800 1767 ad

387 1834 535 1921 tempus
557 1845 636 1894 non
653 1799 758 1893 venit
780 1833 978 1919 metusque
998 1841 1080 1890 rem
1097 1813 1358 1920 impediebat,
1393 1817 1580 1892 Bomilcar
1597 1817 1713 1891 simul
1734 1845 1796 1892 cu-

385 1942 499 2048 pidus
523 1943 674 2046 incepta
702 1940 882 2046 patrandi
914 1957 953 2015 et
976 1940 1111 2015 timore
1134 1939 1226 2014 socii
1251 1939 1407 2030 anxius,
1434 1967 1484 2016 ne
1511 1941 1645 2016 omisso
1677 1959 1797 2018 vetere

387 2067 550 2143 consilio
571 2092 715 2142 novum
739 2079 941 2168 quoereret,
963 2062 1089 2146 literas
1114 2059 1270 2137 adeum
1290 2089 1361 2165 per
1380 2061 1554 2142 homines
1580 2065 1701 2140 lldelis
1715 2067 1797 2140 mit:

387 2192 454 2281 tit,
487 2191 529 2266 in
554 2191 640 2292 quis
658 2188 864 2264 mollitiam
896 2185 1185 2288 socordiamque
1210 2185 1281 2261 viri
1311 2214 1506 2280 accusare,
1539 2191 1668 2265 testari
1695 2191 1796 2280 deos,

385 2341 456 2417 per
476 2339 572 2417 quos
593 2312 810 2402 iuravisset3
835 2335 990 2386 monere
1008 2335 1057 2384 ne
1079 2309 1235 2413 praemia
1257 2310 1401 2386 Metelli
1420 2313 1461 2386 in
1483 2331 1625 2416 pestem
1641 2342 1798 2391 convor-

389 2453 512 2526 teret,
533 2433 729 2539 Iugurtha
756 2434 916 2509 exitium
934 2433 1079 2521 adesse,
1104 2449 1272 2508 ceterum
1289 2461 1408 2515 suane
1427 2465 1477 2512 an
1496 2439 1637 2516 virtute
1653 2441 1795 2516 Metelli

387 2560 545 2662 periret,
571 2558 613 2634 id
634 2557 749 2633 modo
759 2557 902 2661 agitari
918 2589 926 2628 ε
947 2556 1116 2661 proinde
1132 2574 1326 2660 reputaret
1343 2588 1432 2636 cum
1447 2563 1576 2638 animo
1591 2589 1676 2656 suo,
1700 2592 1792 2671 prae-

329 2712 372 2772 7¹
386 2681 463 2756 mia
498 2708 551 2758 aa
573 2683 796 2756 ‘cruciatum
827 2681 966 2756 mallet
1015 2681 1087 2757 Sed
1122 2707 1245 2784 quum
1271 2681 1332 2760 bae
1367 2683 1485 2760 literae
1510 2685 1665 2778 adlatae,
1699 2688 1793 2764 forte

384 2804 598 2895 Nabdalsa,
631 2805 793 2881 exercito
806 2831 970 2910 >corpore
989 2804 1120 2894 lassus,
1147 2805 1190 2882 in
1211 2805 1553 2909 lectoquiescebat;
1576 2811 1646 2886 ubi
1668 2814 1795 2918 cogni-

439 3001 512 3085 Cap.
524 3025 572 3086 7⁰·
592 3012 758 3083 aspectans
776 3001 856 3062 leid.
869 3023 894 3062 a.
907 3000 1006 3064 Guell.
1018 3003 1047 3064 ὅ.
1057 3011 1086 3064 et
1092 3003 1254 3085 perniciem
1264 3003 1323 3068 eius
1335 3007 1405 3068 dolo
1418 3027 1546 3086 quarere
1565 3012 1604 3070 ita
1616 3008 1678 3072 bae
1694 3011 1793 3072 laudat

383 3109 582 3182 Numam.
604 3108 663 3168 eius
678 3127 739 3166 om.
756 3106 841 3166 bern.
861 3107 915 3167 diu
933 3107 1029 3172 Sonat.
1045 3129 1070 3168 ι.
1091 3108 1176 3170 llam.
1189 3129 1217 3168 a.
1239 3110 1337 3170 Guell'.
1353 3131 1399 3171 ra.
1421 3133 1461 3173 m.
1480 3113 1685 3177 emendatrice.
1706 3116 1791 3177 Nab-

383 3216 527 3276 dolsalem
556 3214 617 3273 Bas.
638 3211 667 3283 A.
695 3211 881 3291 Napdalsam
896 3214 1019 3292 plurimi
1036 3213 1114 3276 libri·
1141 3213 1326 3276 Nabdalsam
1350 3218 1490 3282 meliores.
1517 3239 1537 3278 a
1556 3239 1624 3299 rege
1643 3219 1712 3304 Teg.
1733 3222 1789 3284 art.

382 3318 445 3380 Bas.
457 3321 487 3391 d.
505 3319 641 3382 asstricto
661 3317 723 3376 Bas.
738 3338 763 3375 t.
780 3315 887 3397 parari
901 3318 1024 3395 plurimi
1040 3317 1118 3377 libri.
1136 3339 1246 3398 parare
1259 3321 1346 3400 pauci
1363 3341 1397 3379 ex
1410 3320 1490 3381 Cort.
1511 3343 1586 3382 unm
1599 3324 1688 3384 nivii.
1710 3327 1789 3387 iard-

382 3433 427 3483 tas
445 3424 572 3484 hostibus
593 3421 703 3483 Fabric.
727 3423 787 3480 ine.
800 3439 825 3480 ι.
847 3418 945 3479 Guell'.
963 3440 988 3484 ι.
1006 3440 1154 3500 percussus
1173 3418 1339 3486 Iiiriilibri.
1359 3423 1446 3486 simul
1455 3426 1638 3506 cupidinibta
1658 3429 1735 3490 Peirai
1749 3434 1787 3491 li-

381 3524 443 3598 bri,
464 3525 608 3586 aceedunt
629 3516 906 3608 pancieeterorum.
919 3525 952 3583 in
967 3522 1048 3605 quib.
1064 3525 1130 3591 Nat.
1151 3526 1220 3610 Teg.
1240 3527 1336 3590 Turia.
1359 3551 1400 3589 m.
1415 3549 1462 3611 pr.
1483 3531 1518 3592 'in
1536 3533 1599 3609 quis
1613 3555 1717 3596 omnes
1731 3537 1787 3596 lare

376 3626 460 3689 libri.
479 3629 635 3690 mollitiem
653 3629 715 3688 llas.
732 3650 756 3706 ¹.·
777 3630 884 3690 Vinn-
904 3629 971 3688 Sen.
986 3651 1012 3689 ι.
1033 3629 1131 3692 Guell.
1149 3653 1176 3693 a.
1202 3633 1297 3699 Struv.
1322 3635 1427 3696 Frena.
1448 3635 1534 3702 Bam.
1547 3637 1576 3698 3.
1597 3638 1667 3699 Tur.
1689 3660 1784 3702 soror·

381 3732 519 3815 diamqne
539 3735 637 3817 plures
652 3732 754 3792 Cottii.
774 3732 855 3792 leid.
870 3754 910 3790 m.
931 3753 1106 3806 monereque
1115 3738 1249 3818 proemtb.
1266 3761 1383 3802 monere
1403 3739 1514 3803 Fabric.
1533 3763 1557 3802 ι.
1579 3763 1640 3803 om.
1662 3765 1701 3806 na
1713 3767 1784 3808 coa-

383 3838 662 3908 tarnatenses.
682 3838 777 3898 struv.
797 3838 897 3900 inas.
918 3857 961 3896 au
972 3837 1084 3900 Metelli
1093 3841 1201 3904 virtute
1217 3842 1285 3926 Teg.
1306 3843 1366 3904 Bas.
1381 3865 1407 3905 1.
1426 3843 1494 3904 Tur.
1514 3847 1599 3906 Bam.
1618 3869 1643 3913 1.

232 3993 237 4003 ·
339 3995 345 4003 ¹
445 3964 519 4048 Cap.
531 3990 580 4049 7¹·
601 3965 647 4026 ha
667 3965 710 4026 at.
731 3985 818 4046 pron.
834 3984 895 4027 om.
908 3963 976 4025 Sea.
990 3986 1016 4026 1.
1041 3965 1213 4031 Nabdalsa
1231 3969 1358 4031 Thosau.
1378 3971 1473 4033 Palma
1488 3973 1655 4037 Nabdalsa]
1680 3979 1741 4042 Bas.
1754 3981 1781 4052 ά.

375 4074 544 4136 exercitato
556 4091 636 4153 corp.
656 4072 725 4134 Vin.
738 4091 763 4128 1.
777 4071 828 4130 Ac.
839 4069 1005 4138 strumina.
1018 4091 1045 4131 2.
1058 4071 1142 4133 Rem.
1153 4095 1182 4134 r.
1197 4079 1298 4138 Fraae.
1310 4077 1377 4139 an.
1388 4077 1522 4142 Gutta
1536 4103 1563 4162 7.
1575 4105 1604 4163 9.
1620 4105 1669 4146 ao.
1680 4107 1691 4144 r
1701 4108 1726 4147 ι.
1739 4109 1781 4148 ta.
1894 4103 1895 4142 t

382 4178 501 4242 Lassa.
511 4180 531 4238 l.
539 4179 615 4237 hm.
630 4175 706 4256 oepit
718 4195 784 4234 eum
800 4176 846 4235 vel
858 4173 940 4233 illum
960 4185 1086 4256 quatuor
1095 4178 1222 4249 iuniores
1235 4179 1303 4241 libri
1320 4201 1355 4244 ex
1371 4181 1453 4244 Cart.
1467 4197 1532 4246 erat
1542 4187 1679 4252 rbiNum.
1698 4193 1777 4254 teia.

376 4288 483 4352 L-erut
500 4282 635 4346 Numida
649 4281 737 4344 Rem.
749 4301 775 4345 1.
794 4279 862 4344 Nae.
884 4283 974 4341 Palat.
984 4299 1012 4340 a.
1028 4289 1062 4340 ,et
1075 4281 1216 4344 amariam.
1233 4294 1263 4344 et
1277 4304 1338 4346 out.
1351 4285 1435 4349 Bertu
1453 4310 1478 4350 r.
1492 4299 1526 4353 et
1542 4313 1579 4354 ea
1594 4297 1778 4358 amausi-
