3850 4867
373 283 444 358 ηδ

368 459 472 539 faeda
491 457 600 564 fuga,
624 456 800 563 plerique
822 451 976 531 abiectis
993 451 1125 544 armis,
1147 479 1381 558 proxumum
1412 451 1548 529 collem
1568 473 1768 554 occupare·

370 577 436 662 re
469 578 554 660 Nox
577 598 693 685 atque
715 577 845 686 praeda
862 594 1073 654 castrorum
1094 574 1228 670 bostis,
1254 605 1331 682 quo
1354 577 1483 654 minus
1509 574 1663 650 victoria
1685 589 1769 650 ute-

371 724 526 798 rentur,
547 721 735 782 remorata
751 719 851 778 sunt
887 700 1038 777 Deinde
1058 699 1243 806 Iugurtha
1264 718 1412 806 postero
1434 700 1497 778 die
1513 727 1605 776 cum
1615 695 1707 778 Aulo
1721 699 1769 774 in

312 914 316 920 ,
370 831 565 935 colloquio
585 830 699 906 rerba
722 827 827 903 facit:
855 825 1002 901 tametsi
1027 824 1152 930 ipsum
1178 851 1267 902 cum
1288 824 1455 902 exercitu
1476 824 1578 900 fame
1598 823 1771 926 fenoque

373 955 549 1032 clausum
576 969 704 1029 tenet:
728 968 856 1026 tamen
872 975 911 1026 se
926 948 1186 1026 humanarum
1203 977 1331 1026 rerum
1355 975 1582 1042 memorem,
1604 948 1635 1024 si
1646 975 1772 1024 secum

373 1078 499 1156 foedus
524 1077 685 1166 faceret,
711 1074 920 1151 incolumes
939 1074 1063 1150 omnis
1084 1075 1157 1149 sub
1181 1074 1314 1181 iugum
1339 1075 1559 1150 missurum:
1586 1084 1760 1177 praeterea

373 1205 433 1282 uti
463 1203 599 1282 diebus
627 1201 758 1279 decem
787 1197 968 1276 Numidia
1004 1197 1208 1276 decederet.
1260 1200 1357 1298 Quae
1384 1225 1620 1305 quamquam
1648 1197 1773 1303 gravia

374 1345 414 1406 et
432 1326 569 1434 flagitii
591 1326 705 1430 plena
727 1339 862 1400 erant:
888 1339 1032 1415 tamen,
1052 1322 1143 1426 quia
1167 1323 1298 1400 mortis
1323 1339 1429 1404 metu
1448 1321 1776 1416 mutabantur,si-

328 1463 367 1545 ³9
375 1452 457 1536 cuti
478 1452 557 1557 regi
590 1449 789 1540 lubuerat‚
816 1475 893 1553 pax
914 1447 1101 1524 convenit.
1152 1447 1225 1524 Sed
1256 1448 1325 1524 ubi
1360 1473 1403 1524 ea
1433 1449 1562 1524 Romoe
1586 1463 1775 1553 comperta

374 1591 494 1666 eunt,
536 1589 659 1650 metus
687 1589 803 1676 atque
832 1597 976 1646 moeror
999 1569 1189 1646 civitatem
1217 1571 1409 1647 invasere:
1442 1598 1530 1676 pars
1552 1571 1680 1648 dolere
1706 1597 1776 1676 pro

341 1707 348 1715 “
375 1697 494 1804 gloria
524 1695 701 1801 imperii:
729 1721 817 1799 pars
838 1691 991 1769 insolita
1013 1719 1142 1768 rerum
1166 1693 1395 1770 bellicarum
1426 1695 1561 1776 timere
1591 1693 1777 1771 libertati:

376 1821 476 1898 Aulo
496 1837 625 1896 omnes
638 1818 787 1907 infesti,
812 1844 857 1892 ac
870 1843 1068 1907 maxume,
1092 1817 1163 1921 qui
1183 1818 1283 1894 bello
1303 1843 1402 1923 eaepe
1416 1819 1592 1923 praeclari
1607 1819 1781 1912 mamni,

376 1946 482 2049 quod
508 1959 676 2019 armatus
701 1939 882 2017 dedecore
907 1939 1035 2043 potius
1061 1966 1179 2044 quam
1208 1967 1328 2018 manu
1357 1942 1519 2018 salutem
1550 1947 1779 2048 quaesiverat

376 2071 440 2148 Ob
465 2097 509 2145 ea
528 2067 669 2145 Consul
694 2065 858 2141 Albinus
880 2090 928 2140 ex
950 2064 1090 2140 delicto
1109 2065 1237 2142 fratria
1258 2065 1442 2144 invidiam
1463 2093 1508 2144 ac
1526 2067 1666 2145 deinde
1681 2068 1780 2174 peri-

377 2196 513 2274 culum
536 2194 696 2280 timens,
722 2190 905 2265 Senatum
923 2186 972 2264 de
997 2189 1139 2264 foedere
1157 2190 1398 2281 consulebat,
1420 2205 1605 2268 ettamen
1625 2192 1780 2270 interim

377 2316 559 2396 exercitui
586 2314 898 2419 supplementum
916 2312 1101 2402 scribere,
1126 2313 1175 2388 ab
1192 2313 1301 2390 sociis
1318 2331 1358 2388 et
1377 2315 1533 2392 nomine
1558 2316 1697 2394 Latino
1713 2343 1780 2392 au-

378 2442 472 2517 xilia
496 2464 709 2528 accersere,
746 2436 913 2539 denique
946 2435 1125 2514 omnibus
1146 2437 1269 2514 modis
1293 2437 1478 2516 festinare.
1529 2441 1688 2518 Senatm
1707 2440 1780 2532 ita,

381 2563 441 2640 uti
458 2590 530 2667 par
547 2561 691 2651 fuerat,
707 2559 900 2652 decernit,
926 2586 997 2636 suo
1012 2578 1128 2665 atque
1141 2561 1277 2666 populi
1298 2561 1446 2640 ininru
1463 2563 1618 2642 nullum
1640 2565 1782 2670 potuis-

381 2769 466 2828 llem.
480 2789 504 2826 ι.
528 2769 626 2826 Franc.
657 2763 772 2824 Vratitl.
785 2763 815 2830 d.
835 2764 961 2847 manmit
982 2765 1061 2825 Leid.
1078 2769 1099 2826 l.
1121 2763 1216 2827 nostri
1227 2765 1356 2848 plerique
1367 2769 1465 2846 foeda
1493 2767 1555 2830 Bar.
1571 2791 1597 2829 r.
1629 2770 1783 2850 ambasc-

381 2872 424 2934 αἲ
444 2871 513 2953 Teg.
529 2869 591 2928 Bar.
604 2889 630 2928 1.
651 2867 719 2928 Tur.
743 2869 979 2930 clamantem
999 2870 1096 2930 Guels.
1108 2875 1135 2934 3.
1148 2891 1194 2931 ιι.
1214 2871 1294 2932 Leid.
1315 2893 1343 2954 g.
1364 2873 1477 2954 aliquot
1496 2873 1584 2936 trivii.
1597 2876 1783 2954 fantasma

383 2975 481 3040 Guelf.
491 2995 521 3056 9.
538 2976 598 3034 inc.
612 2992 639 3034 a.
664 2973 756 3032 Mul.
774 2984 809 3036 Α.
822 2975 911 3049 sarae
923 2977 990 3053 ets.
1011 2973 1073 3034 Bar.
1094 2995 1120 3035 r.
1137 2975 1166 3048 4.
1191 2975 1242 3038 lc.
1264 2975 1361 3040 Strur.
1376 2976 1460 3038 llam.
1478 2998 1503 3037 1.
1523 2978 1628 3041 Franc.
1650 2979 1736 3042 llern.
1754 2985 1781 3044 3.

373 3078 572 3160 foedassent
591 3076 672 3138 Leid.
686 3079 707 3136 1.
726 3096 756 3137 sa
773 3096 931 3137 numeram
948 3078 1011 3138 Bas.
1026 3098 1051 3138 1.
1063 3079 1092 3152 4.
1113 3077 1184 3140 Tur.
1209 3080 1295 3142 Bam.
1310 3081 1373 3146 nd.
1401 3083 1452 3144 rub
1466 3082 1534 3164 ingo
1557 3085 1625 3150 vin.
1648 3107 1673 3151 r.
1703 3085 1782 3148 Vnt.

383 3188 413 3279 ξ.
432 3183 559 3252 Numid.
574 3182 646 3243 dise.
666 3181 729 3241 Bas.
747 3181 909 3261 astagiuo
923 3183 1012 3263 plena
1032 3184 1114 3244 Leid.
1128 3186 1189 3268 lg.
1201 3186 1229 3246 k.
1251 3188 1442 3250 mutabantur
1462 3189 1559 3250 Guelf.
1571 3191 1709 3273 nai-9.
1731 3195 1785 3253 1²³-

382 3292 454 3354 bric.
468 3313 494 3351 1.
515 3287 565 3353 ile.
586 3289 681 3348 Strur.
703 3288 762 3348 inc.
774 3305 801 3346 a.
821 3286 925 3348 Frauc.
946 3286 1062 3350 Vtatd.
1080 3288 1162 3353 Leid.
1172 3311 1199 3354 a.
1211 3288 1242 3349 b.
1254 3290 1284 3351 d.
1296 3288 1327 3350 b.
1340 3293 1360 3352 i.
1374 3293 1402 3359 k.
1418 3314 1460 3353 m.
1479 3293 1577 3359 Naar.
1595 3304 1625 3356 et
1638 3295 1697 3355 Pal.
1718 3315 1744 3356 π.
1755 3297 1784 3357 8.

383 3399 513 3478 qninqqe
526 3393 631 3456 Waesii
640 3434 651 3466 ,
668 3392 799 3472 quinque
815 3389 900 3452 Parit.
920 3390 983 3456 Bar.
1001 3411 1027 3452 r.
1038 3393 1067 3465 4.
1087 3393 1185 3454 Turic.
1211 3394 1426 3458 minitabantur
1443 3399 1540 3459 Sanat-
1552 3419 1577 3458 ι.
1599 3399 1669 3466 vin.
1683 3421 1709 3462 r.
1726 3405 1787 3464 1²2-

382 3500 456 3561 brie.
472 3519 501 3559 a.
521 3497 601 3557 Leid.
613 3501 669 3558 c.l.
689 3496 774 3556 llern.
790 3493 820 3556 3.
841 3497 1042 3558 multabantur
1061 3497 1164 3559 ineert.
1185 3520 1211 3562 1.
1234 3500 1332 3562 Guell.
1347 3523 1375 3584 7.
1397 3502 1455 3562 Pal.
1466 3503 1495 3565 5.
1523 3503 1698 3568 laudamur
1717 3505 1785 3568 Era.

385 3603 483 3666 Guelf.
496 3623 541 3665 ro.
554 3621 600 3660 12.
627 3600 709 3660 Leid.
726 3621 751 3660 e.
763 3601 784 3659 l.
813 3599 872 3658 Pal.
883 3621 911 3682 7.
924 3600 1017 3668 Bern.
1031 3624 1056 3663 1.
1083 3605 1234 3666 unabatttr
1254 3604 1351 3666 Guels.
1374 3626 1419 3666 ιι.
1439 3609 1618 3689 cogebantur
1637 3609 1738 3672 Vinar-
1757 3633 1784 3671 r.

386 3707 468 3770 leid.
482 3728 511 3790 g.
531 3705 687 3782 cogebatur
706 3705 784 3764 Vrat.
798 3723 825 3770 r.
846 3706 1092 3784 angustiabantur
1110 3708 1179 3770 Seu.
1191 3730 1218 3772 r.
1230 3710 1329 3788 Heuu.
1351 3712 1532 3792 urgebantur
1549 3714 1629 3776 Vrat
1647 3735 1674 3776 ι.
1694 3736 1785 3797 urga-

388 3814 476 3873 batur
496 3809 628 3869 Palatii.
648 3807 751 3868 martir
765 3809 928 3869 autuabant
942 3811 1075 3891 pericula
1099 3813 1196 3881 Guelt
1214 3820 1242 3880 ὅ.
1271 3818 1456 3878 tenebantur
1485 3817 1610 3881 Laida.
1631 3821 1786 3882 mutabant

385 3919 484 4000 plures
497 3913 576 3989 libri,
595 3923 662 3972 teste
674 3913 768 3978 llirio.
791 3922 869 3974 metu
879 3916 981 3977 martit
998 3918 1068 3980 Tur.

470 4040 544 4122 Cap.
557 4042 607 4123 39.
633 4061 705 4123 rape
721 4041 799 4102 clari
817 4043 877 4103 iac.
893 4062 919 4104 r.
937 4045 1006 4106 Eae.
1028 4045 1123 4108 Guelf.
1135 4052 1162 4111 ὅ.
1179 4067 1226 4110 12·
1245 4050 1326 4112 Leid.
1337 4055 1359 4118 l.
1375 4071 1432 4132 per
1445 4055 1604 4118 dedecora.
1624 4055 1783 4122 Fabricio.

387 4147 558 4231 quasiverat
576 4151 665 4232 longa
676 4146 800 4228 plurimi
812 4146 891 4209 libri.
911 4149 1055 4229 quaesierit
1074 4153 1140 4228 alii,
1152 4151 1185 4216 iu
1199 4153 1280 4238 quib.
1301 4155 1368 4239 Tcg.
1390 4156 1487 4222 Turia
1506 4159 1633 4242 quoeehil
1651 4161 1732 4224 laid.
1750 4165 1784 4234 d.
