3850 4867
403 318 473 389 288

402 494 477 569 lere
507 520 624 596 quam
649 518 800 597 pacem3
824 490 939 567 multi
966 489 1206 593 privatorum
1234 490 1410 569 audacias
1436 490 1685 568 nutriverunt
1719 490 1790 593 Ego

402 616 502 692 nihil
528 618 662 705 timui,
688 616 761 691 nisi
794 615 912 719 leges:
939 615 1053 708 multi
1085 642 1191 691 arma
1217 641 1285 691 sua
1311 616 1435 691 timeri
1461 616 1673 693 voluerunt
1720 616 1791 716 ligo

402 768 605 843 nunquam
630 740 734 816 volui
766 740 976 841 quicquam
998 764 1126 842 posse,
1152 738 1225 813 nisi
1247 765 1318 843 pro
1337 740 1442 815 vobis
1465 772 1473 813 ε
1504 739 1618 821 multi
1634 765 1680 814 ex
1696 737 1792 813 vobis

401 866 572 970 potentia
594 864 699 952 freti,
725 863 765 937 in
791 888 856 935 vos
877 862 953 935 suis
973 861 1117 935 viribus
1139 862 1247 935 abusi
1270 877 1370 937 sunt.
1411 865 1546 965 Itaque
1563 889 1643 938 non
1659 876 1713 937 est
1731 860 1794 935 mi-

404 986 507 1075 rum,
532 989 562 1061 si
587 988 731 1063 nullius
759 986 924 1059 amicitia
951 1008 1163 1074 muscum,
1187 985 1256 1086 qui
1278 1012 1358 1059 non
1377 1001 1561 1089 perpetuo
1584 984 1793 1088 reipublicae

400 1112 544 1186 amicus
567 1110 669 1185 fuit:
696 1134 821 1209 neque
846 1134 907 1181 me
919 1107 1097 1210 poenitet,
1121 1107 1154 1181 si
1178 1124 1247 1183 aut
1266 1109 1409 1211 petenti
1422 1108 1579 1184 Vatinio
1595 1136 1659 1185 reo
1675 1126 1794 1211 patro·

401 1235 549 1309 ciuium
570 1232 765 1338 pollicitus
783 1256 889 1321 sum,
913 1245 984 1303 aut
999 1228 1102 1314 Sexti
1121 1228 1364 1306 insolentiam
1385 1233 1563 1335 repressi,
1587 1249 1656 1307 aut
1675 1232 1793 1307 Bibuli

399 1357 625 1462 patientiam
649 1353 820 1457 culpavi,
846 1367 914 1427 aut
938 1350 1147 1428 virtutibus
1174 1354 1325 1429 caesaris
1341 1353 1427 1429 lavi.
1459 1356 1528 1429 Hm
1547 1356 1652 1429 enim
1672 1355 1793 1431 laudes

399 1482 534 1585 egregii
553 1480 643 1553 civis
665 1492 705 1553 et
723 1476 847 1551 unicae
866 1491 965 1549 sunt
1019 1476 1117 1573 Quae
1137 1475 1169 1551 si
1196 1490 1241 1550 tu
1262 1474 1359 1550 mibi
1376 1478 1436 1552 uti
1455 1476 1548 1552 vitia
1569 1478 1722 1569 obiicis,
1746 1497 1795 1555 te·

400 1605 553 1679 meritas
591 1618 657 1676 tua
689 1598 1009 1703 reprehendatur,
1035 1624 1116 1673 non
1142 1624 1226 1673 mea
1248 1598 1339 1674 vitia
1363 1599 1635 1704 culpabuntur.
1685 1604 1793 1679 Plura

400 1726 582 1813 dicerem,
608 1750 638 1797 sr
627 1724 762 1825 apud
783 1721 876 1797 alios
897 1720 995 1795 mihi
1016 1736 1109 1796 emet
1125 1721 1403 1813 disserendum,
1428 1728 1553 1801 Patres
1577 1728 1793 1833 conscripti,

399 1877 480 1925 ιιοιι
504 1848 607 1954 apud
629 1872 708 1936 vos,
734 1872 829 1948 quos
844 1844 967 1921 habui
982 1843 1159 1919 omnium
1179 1845 1376 1921 actionum
1394 1875 1567 1925 mearum
1584 1852 1792 1927 monitores

370 1973 487 2063 stat,
514 1973 581 2047 ubi
609 1997 736 2045 rerum
759 1967 972 2045 testimonia
990 1966 1146 2056 adsunt,
1170 1966 1266 2070 quid
1293 1994 1388 2072 opus
1415 1986 1471 2045 cst
1490 1971 1638 2048 verbisl
1686 1977 1794 2051 Nunc

397 2096 448 2172 ad
473 2096 587 2171 tenti
610 2107 793 2181 revertar,
822 2090 984 2177 Salusti,
1009 2106 1233 2193 patremque
1264 2106 1376 2165 tuum
1404 2110 1647 2197 praeteream:
1675 2099 1742 2203 qui
1764 2100 1791 2171 si

398 2245 603 2321 nunquam
622 2218 664 2290 in
694 2215 770 2290 vita
793 2240 860 2289 sua
894 2212 1085 2324 peccavit,
1110 2229 1238 2287 tamen
1259 2214 1441 2290 maiorem
1467 2216 1651 2295 iniuriam
1671 2222 1791 2326 seipu·
1864 2309 1865 2314 Ἰ

399 2343 508 2418 blicae
530 2342 652 2415 facere
674 2364 754 2413 non
773 2337 919 2441 potuit,
944 2362 1061 2437 quam
1084 2334 1190 2437 quod
1212 2351 1249 2411 tc
1267 2336 1380 2412 talem
1401 2337 1524 2415 filium
1541 2345 1683 2447 genuit
1724 2348 1791 2420 Ne·

398 2493 490 2567 que,
518 2480 562 2537 tu
582 2462 613 2537 si
633 2488 709 2563 qua
732 2460 773 2534 in
797 2458 961 2565 pueritia
981 2458 1162 2561 peccasti,
1186 2483 1381 2563 exsequar,
1396 2488 1446 2536 ne
1465 2483 1664 2567 parentem
1684 2460 1788 2545 trium

399 2587 528 2662 videar
543 2609 737 2670 accusare,
763 2582 895 2684 quiec
916 2596 1084 2683 tempore
1101 2607 1291 2656 summam
1313 2584 1369 2657 tui
1386 2601 1608 2689 potestatem
1636 2589 1785 2680 habuit,
1863 2571 1865 2684 l

395 2710 460 2784 sed
479 2709 633 2812 qualem
660 2704 950 2780 adolescentiam
966 2703 1090 2807 egeris.
1132 2704 1216 2779 Hac
1242 2704 1347 2779 enim
1378 2705 1651 2805 demonstrata,
1683 2715 1786 2790 facile
1862 2749 1863 2820 ᾗ

395 2832 653 2935 intelligetur,
677 2854 794 2930 quam
813 2825 1006 2929 petulanti
1020 2825 1202 2928 pueritia,
1228 2852 1347 2929 quam
1362 2828 1578 2934 impudicus
1596 2852 1635 2911 et
1652 2865 1785 2941 procax
1862 2825 1863 2918 l

284 3036 291 3053 Ι
395 2954 607 3030 adoleveris.
666 2955 912 3052 Posteaquam
948 2948 1141 3023 immensas
1171 2948 1269 3053 gulae
1307 2952 1593 3055 impudicissimi
1625 2962 1784 3066 corporis

395 3093 558 3182 qiraestus
590 3076 757 3151 sufficere
787 3100 867 3149 non
900 3073 1051 3175 potuit,
1083 3088 1121 3147 et
1137 3089 1230 3149 ,aetas
1251 3089 1316 3148 tua
1342 3075 1417 3151 iarn
1445 3078 1494 3153 ad
1521 3107 1565 3157 ea
1593 3084 1781 3187 patienda,

393 3228 479 3305 quae
506 3198 614 3275 alteri
652 3198 776 3275 lacere
804 3196 1065 3285 collibuisset,
1097 3194 1329 3292 exoleversts
1361 3201 1634 3304 cupiditatibus
1662 3210 1780 3287 inlini-

392 3448 481 3507 Editt.
505 3446 585 3510 leid,
601 3468 626 3504 e.
646 3442 788 3503 amicales
809 3441 968 3501 timuerunt
988 3438 1039 3499 dc.
1066 3442 1137 3501 med.
1160 3451 1323 3503 metiretuat
1351 3446 1426 3507 Edd.
1452 3450 1576 3513 Veneta.
1605 3459 1778 3521 attentemus
1860 3449 1861 3460 ¹

393 3551 472 3611 Gud.
494 3550 577 3608 Rem.
600 3551 657 3607 inc.
680 3548 740 3605 Bas.
761 3544 841 3604 Leid.
857 3566 882 3604 c.
913 3544 1045 3623 potentiis
1065 3556 1167 3605 nostra
1179 3546 1259 3623 freti
1273 3558 1379 3609 contro
1404 3553 1438 3610 in
1454 3574 1505 3615 vos
1531 3556 1582 3617 Ac.
1610 3560 1686 3623 Sesti
1700 3564 1775 3625 insol

391 3654 453 3713 Bas
475 3654 606 3733 egregiae
623 3652 690 3711 ciris
710 3650 772 3709 Bas.
792 3648 939 3708 temeritas
956 3656 1009 3705 tua
1030 3650 1260 3728 reprehendatur
1272 3649 1334 3711 Bas.
1354 3647 1435 3719 Leid.
1454 3678 1480 3721 c.
1501 3660 1577 3719 miti
1589 3676 1657 3724 esset
1673 3668 1775 3747 ‹incep-

392 3760 517 3818 tondum
530 3760 590 3816 inc.
615 3756 841 3815 ‹tircernendum
854 3752 933 3812 Gud.
948 3750 1000 3811 tc.
1014 3751 1075 3811 Bas.
1088 3753 1167 3812 Leid.
1181 3776 1208 3813 c.
1228 3754 1387 3817 &cendum
1405 3761 1444 3819 ita
1459 3766 1548 3845 vulgo
1564 3779 1631 3827 autc
1641 3769 1772 3833 Cortium.

392 3862 590 3921 ‹lissmendum
606 3862 686 3919 Cort.
706 3858 879 3920 emendavit.
890 3889 932 3904 -
954 3852 1028 3935 Cap.
1041 3857 1069 3915 5.
1090 3874 1171 3928 nunc
1186 3867 1219 3916 ut
1229 3860 1271 3918 cd
1281 3868 1311 3920 te
1328 3860 1390 3921 Bar.
1400 3866 1501 3940 filium
1515 3890 1575 3929 om.
1587 3872 1647 3932 Bas.
1662 3876 1773 3937 haeste-

392 3974 556 4041 nicostrato
574 3966 637 4023 Bas.
660 3962 741 4023 Oud.
762 3960 840 4021 si-
850 3970 966 4039 portem
979 3959 1112 4018 habuerit
1130 3960 1210 4024 Gud.
1229 3961 1257 4020 si
1266 3966 1352 4023 etiam
1368 3966 1429 4028 Bas.
1449 3986 1579 4050 quamtis
1595 3990 1701 4041 sumtus
1716 3982 1770 4058 suf·
1858 3981 1859 3994 ¹

383 4076 475 4147 ficere
495 4070 581 4129 Rem.
603 4066 681 4125 Gud.
712 4073 833 4143 quoesats
854 4064 886 4121 in
905 4062 1058 4141 stupendis
1078 4072 1187 4123 sumtus
1204 4063 1284 4125 Laid.
1302 4089 1327 4133 r.
1348 4072 1593 4151 otterisucienda
1616 4083 1676 4147 Bas.
1696 4084 1770 4145 colli·

391 4178 515 4237 bise'ssent
531 4170 652 4237 Leidc.
681 4168 731 4229 cui
750 4186 879 4245 unquam
899 4166 1021 4224 dubium
1037 4167 1119 4226 laeid-
1138 4188 1164 4229 c·
1194 4182 1315 4246 moueat
1330 4176 1392 4252 quis
1410 4178 1529 4246 Leidc.
1559 4196 1628 4247 'ante
1645 4205 1767 4267 quatem
1857 4197 1858 4256 ι
