<?xml version="1.0" encoding="UTF-8"?>
<!DOCTYPE html PUBLIC "-//W3C//DTD XHTML 1.0 Transitional//EN"
    "http://www.w3.org/TR/xhtml1/DTD/xhtml1-transitional.dtd">
<html xmlns="http://www.w3.org/1999/xhtml" xml:lang="en" lang="en">
 <head>
  <title>
</title>
<meta http-equiv="Content-Type" content="text/html;charset=utf-8" />
  <meta name='ocr-system' content='tesseract 3.04.00' />
  <meta name='ocr-capabilities' content='ocr_page ocr_carea ocr_par ocr_line ocrx_word'/>
</head>
<body>
  <div class='ocr_page' id='page_1' title='image "./salustiiquaeexs01sallgoog_0224.png"; bbox 0 0 3850 4867; ppageno 0'>
   <div class='ocr_carea' id='block_1_1' title="bbox 365 321 435 401">
    <p class='ocr_par' dir='ltr' id='par_1_1' title="bbox 365 321 435 401">
     <span class='ocr_line' id='line_1_1' title="bbox 365 321 435 401; baseline 0.043 -5"><span class='ocrx_word' id='word_1_1' title='bbox 365 321 435 401; x_wconf 78' lang='lat'><strong>128</strong></span> 
     </span>
    </p>
   </div>
   <div class='ocr_carea' id='block_1_2' title="bbox 313 478 1903 2450">
    <p class='ocr_par' dir='ltr' id='par_1_2' title="bbox 313 478 1903 2450">
     <span class='ocr_line' id='line_1_2' title="bbox 357 478 1763 598; baseline -0.015 -22"><span class='ocrx_word' id='word_1_2' title='bbox 357 500 521 588; x_wconf 80' lang='lat' dir='ltr'><strong>iusserit,</strong></span> <span class='ocrx_word' id='word_1_3' title='bbox 545 496 769 583; x_wconf 84' lang='lat' dir='ltr'><strong>decreverit,</strong></span> <span class='ocrx_word' id='word_1_4' title='bbox 793 494 975 572; x_wconf 83' lang='lat' dir='ltr'><strong>voluerit:</strong></span> <span class='ocrx_word' id='word_1_5' title='bbox 1001 489 1117 598; x_wconf 76' lang='lat' dir='ltr'><strong>magis</strong></span> <span class='ocrx_word' id='word_1_6' title='bbox 1135 490 1223 568; x_wconf 91' lang='lat' dir='ltr'><strong>odio</strong></span> <span class='ocrx_word' id='word_1_7' title='bbox 1244 486 1469 577; x_wconf 80' lang='lat' dir='ltr'><strong>nobilitatis,</strong></span> <span class='ocrx_word' id='word_1_8' title='bbox 1493 484 1557 563; x_wconf 87' lang='lat' dir='ltr'><strong>oui</strong></span> <span class='ocrx_word' id='word_1_9' title='bbox 1582 481 1682 560; x_wconf 86' lang='lat' dir='ltr'><strong>mala</strong></span> <span class='ocrx_word' id='word_1_10' title='bbox 1711 478 1763 556; x_wconf 93' lang='lat' dir='ltr'><strong>il-</strong></span> 
     </span>
     <span class='ocr_line' id='line_1_3' title="bbox 357 603 1763 728; baseline -0.014 -29"><span class='ocrx_word' id='word_1_11' title='bbox 357 624 396 699; x_wconf 86' lang='lat' dir='ltr'><strong>l&#39;a</strong></span> <span class='ocrx_word' id='word_1_12' title='bbox 423 623 678 728; x_wconf 88' lang='lat' dir='ltr'><strong>parabantur,</strong></span> <span class='ocrx_word' id='word_1_13' title='bbox 701 645 820 722; x_wconf 84' lang='lat' dir='ltr'><strong>quarn</strong></span> <span class='ocrx_word' id='word_1_14' title='bbox 837 643 930 694; x_wconf 88' lang='lat' dir='ltr'><strong>cura</strong></span> <span class='ocrx_word' id='word_1_15' title='bbox 955 615 1196 721; x_wconf 77' lang='lat' dir='ltr'><strong>mipublicae3</strong></span> <span class='ocrx_word' id='word_1_16' title='bbox 1223 628 1330 689; x_wconf 88' lang='lat' dir='ltr'><strong>tanta</strong></span> <span class='ocrx_word' id='word_1_17' title='bbox 1357 611 1491 688; x_wconf 88' lang='lat' dir='ltr'><strong>lubido</strong></span> <span class='ocrx_word' id='word_1_18' title='bbox 1517 609 1559 685; x_wconf 92' lang='lat' dir='ltr'><strong>in</strong></span> <span class='ocrx_word' id='word_1_19' title='bbox 1587 603 1763 714; x_wconf 81' lang='lat' dir='ltr'><strong>partibus</strong></span> 
     </span>
     <span class='ocr_line' id='line_1_4' title="bbox 356 733 1762 851; baseline -0.011 -28"><span class='ocrx_word' id='word_1_20' title='bbox 356 763 449 824; x_wconf 85' lang='lat' dir='ltr'><strong>erat.</strong></span> <span class='ocrx_word' id='word_1_21' title='bbox 497 746 620 851; x_wconf 77' lang='lat' dir='ltr'><strong>Igitur</strong></span> <span class='ocrx_word' id='word_1_22' title='bbox 644 743 775 818; x_wconf 78' lang='lat' dir='ltr'><strong>oeteris</strong></span> <span class='ocrx_word' id='word_1_23' title='bbox 796 759 902 817; x_wconf 89' lang='lat' dir='ltr'><strong>metu</strong></span> <span class='ocrx_word' id='word_1_24' title='bbox 925 739 1122 845; x_wconf 86' lang='lat' dir='ltr'><strong>perculsis,</strong></span> <span class='ocrx_word' id='word_1_25' title='bbox 1146 739 1197 812; x_wconf 89' lang='grc' dir='ltr'><strong>Μ.</strong></span> <span class='ocrx_word' id='word_1_26' title='bbox 1228 738 1415 825; x_wconf 85' lang='lat' dir='ltr'><strong>Scaums,</strong></span> <span class='ocrx_word' id='word_1_27' title='bbox 1438 761 1555 838; x_wconf 86' lang='lat' dir='ltr'><strong>quem</strong></span> <span class='ocrx_word' id='word_1_28' title='bbox 1594 733 1762 840; x_wconf 78' lang='lat' dir='ltr'><strong>legatum·</strong></span> 
     </span>
     <span class='ocr_line' id='line_1_5' title="bbox 361 857 1764 973; baseline -0.008 -28"><span class='ocrx_word' id='word_1_29' title='bbox 361 870 489 962; x_wconf 85' lang='lat' dir='ltr'><strong>Bestioe</strong></span> <span class='ocrx_word' id='word_1_30' title='bbox 509 895 625 973; x_wconf 77' lang='lat' dir='ltr'><strong>cupra</strong></span> <span class='ocrx_word' id='word_1_31' title='bbox 652 865 869 954; x_wconf 73' lang='lat' dir='ltr'><strong>docuimus,</strong></span> <span class='ocrx_word' id='word_1_32' title='bbox 892 866 992 940; x_wconf 81' lang='lat' dir='ltr'><strong>inter</strong></span> <span class='ocrx_word' id='word_1_33' title='bbox 1018 863 1192 938; x_wconf 64' lang='lat' dir='ltr'><strong>laetitiam</strong></span> <span class='ocrx_word' id='word_1_34' title='bbox 1214 860 1336 965; x_wconf 88' lang='lat' dir='ltr'><strong>plebis</strong></span> <span class='ocrx_word' id='word_1_35' title='bbox 1366 873 1405 935; x_wconf 88' lang='lat' dir='ltr'><strong>et</strong></span> <span class='ocrx_word' id='word_1_36' title='bbox 1428 883 1587 935; x_wconf 87' lang='lat' dir='ltr'><strong>suorum</strong></span> <span class='ocrx_word' id='word_1_37' title='bbox 1615 857 1764 962; x_wconf 77' lang='lat' dir='ltr'><strong>lugam,</strong></span> 
     </span>
     <span class='ocr_line' id='line_1_6' title="bbox 363 979 1766 1098; baseline -0.009 -30"><span class='ocrx_word' id='word_1_38' title='bbox 363 991 510 1098; x_wconf 84' lang='lat' dir='ltr'><strong>trepida</strong></span> <span class='ocrx_word' id='word_1_39' title='bbox 533 992 649 1067; x_wconf 88' lang='lat' dir='ltr'><strong>etiam</strong></span> <span class='ocrx_word' id='word_1_40' title='bbox 672 1007 755 1065; x_wconf 90' lang='lat' dir='ltr'><strong>tum</strong></span> <span class='ocrx_word' id='word_1_41' title='bbox 772 988 942 1076; x_wconf 75' lang='lat' dir='ltr'><strong>ciuitate,</strong></span> <span class='ocrx_word' id='word_1_42' title='bbox 967 1014 1090 1090; x_wconf 91' lang='lat' dir='ltr'><strong>quum</strong></span> <span class='ocrx_word' id='word_1_43' title='bbox 1110 1013 1156 1062; x_wconf 84' lang='lat' dir='ltr'><strong>ex</strong></span> <span class='ocrx_word' id='word_1_44' title='bbox 1172 983 1321 1060; x_wconf 86' lang='lat' dir='ltr'><strong>Mamili</strong></span> <span class='ocrx_word' id='word_1_45' title='bbox 1344 979 1540 1087; x_wconf 85' lang='lat' dir='ltr'><strong>rogatione</strong></span> <span class='ocrx_word' id='word_1_46' title='bbox 1564 997 1638 1057; x_wconf 78' lang='lat' dir='ltr'><strong>tres</strong></span> <span class='ocrx_word' id='word_1_47' title='bbox 1660 1009 1766 1085; x_wconf 80' lang='lat' dir='ltr'><strong>quae-</strong></span> 
     </span>
     <span class='ocr_line' id='line_1_7' title="bbox 360 1108 1765 1220; baseline -0.008 -27"><span class='ocrx_word' id='word_1_48' title='bbox 360 1116 492 1194; x_wconf 77' lang='lat' dir='ltr'><strong>sitores</strong></span> <span class='ocrx_word' id='word_1_49' title='bbox 512 1129 753 1220; x_wconf 83' lang='lat' dir='ltr'><strong>rogarentur,</strong></span> <span class='ocrx_word' id='word_1_50' title='bbox 777 1113 970 1201; x_wconf 80' lang='lat' dir='ltr'><strong>effecerat,</strong></span> <span class='ocrx_word' id='word_1_51' title='bbox 986 1111 1045 1185; x_wconf 88' lang='lat' dir='ltr'><strong>uti</strong></span> <span class='ocrx_word' id='word_1_52' title='bbox 1064 1111 1142 1214; x_wconf 86' lang='lat' dir='ltr'><strong>ipse</strong></span> <span class='ocrx_word' id='word_1_53' title='bbox 1162 1110 1204 1184; x_wconf 95' lang='lat' dir='ltr'><strong>in</strong></span> <span class='ocrx_word' id='word_1_54' title='bbox 1218 1135 1263 1184; x_wconf 90' lang='lat' dir='ltr'><strong>eo</strong></span> <span class='ocrx_word' id='word_1_55' title='bbox 1280 1133 1441 1183; x_wconf 88' lang='lat' dir='ltr'><strong>numero</strong></span> <span class='ocrx_word' id='word_1_56' title='bbox 1465 1120 1664 1182; x_wconf 79' lang='lat' dir='ltr'><strong>crearetur.</strong></span> <span class='ocrx_word' id='word_1_57' title='bbox 1691 1108 1765 1182; x_wconf 87' lang='lat' dir='ltr'><strong>Sed</strong></span> 
     </span>
     <span class='ocr_line' id='line_1_8' title="bbox 362 1229 1766 1343; baseline -0.008 -26"><span class='ocrx_word' id='word_1_58' title='bbox 362 1238 521 1343; x_wconf 82' lang='lat' dir='ltr'><strong>quaestio</strong></span> <span class='ocrx_word' id='word_1_59' title='bbox 562 1237 764 1313; x_wconf 79' lang='lat' dir='ltr'><strong>exercitata</strong></span> <span class='ocrx_word' id='word_1_60' title='bbox 798 1261 927 1340; x_wconf 81' lang='lat' dir='ltr'><strong>aspere</strong></span> <span class='ocrx_word' id='word_1_61' title='bbox 959 1234 1219 1335; x_wconf 80' lang='lat' dir='ltr'><strong>violenterque</strong></span> <span class='ocrx_word' id='word_1_62' title='bbox 1252 1259 1299 1308; x_wconf 84' lang='lat' dir='ltr'><strong>ex</strong></span> <span class='ocrx_word' id='word_1_63' title='bbox 1327 1256 1479 1307; x_wconf 90' lang='lat' dir='ltr'><strong>rumore</strong></span> <span class='ocrx_word' id='word_1_64' title='bbox 1513 1247 1550 1305; x_wconf 89' lang='lat' dir='ltr'><strong>et</strong></span> <span class='ocrx_word' id='word_1_65' title='bbox 1588 1229 1766 1306; x_wconf 84' lang='lat' dir='ltr'><strong>lubidine</strong></span> 
     </span>
     <span class='ocr_line' id='line_1_9' title="bbox 361 1354 1766 1468; baseline -0.007 -30"><span class='ocrx_word' id='word_1_66' title='bbox 361 1363 503 1468; x_wconf 81' lang='lat' dir='ltr'><strong>plebis3</strong></span> <span class='ocrx_word' id='word_1_67' title='bbox 527 1378 573 1435; x_wconf 91' lang='lat' dir='ltr'><strong>ut</strong></span> <span class='ocrx_word' id='word_1_68' title='bbox 589 1385 686 1463; x_wconf 79' lang='lat' dir='ltr'><strong>soepe</strong></span> <span class='ocrx_word' id='word_1_69' title='bbox 702 1357 963 1446; x_wconf 74' lang='lat' dir='ltr'><strong>nobilitatem,</strong></span> <span class='ocrx_word' id='word_1_70' title='bbox 981 1357 1034 1432; x_wconf 85' lang='lat' dir='ltr'><strong>sic</strong></span> <span class='ocrx_word' id='word_1_71' title='bbox 1059 1382 1101 1430; x_wconf 88' lang='lat' dir='ltr'><strong>ea</strong></span> <span class='ocrx_word' id='word_1_72' title='bbox 1120 1371 1337 1459; x_wconf 83' lang='lat' dir='ltr'><strong>tempestate</strong></span> <span class='ocrx_word' id='word_1_73' title='bbox 1354 1354 1505 1458; x_wconf 86' lang='lat' dir='ltr'><strong>plebem</strong></span> <span class='ocrx_word' id='word_1_74' title='bbox 1523 1382 1570 1429; x_wconf 82' lang='lat' dir='ltr'><strong>ex</strong></span> <span class='ocrx_word' id='word_1_75' title='bbox 1589 1355 1766 1429; x_wconf 82' lang='lat' dir='ltr'><strong>secundis</strong></span> 
     </span>
     <span class='ocr_line' id='line_1_10' title="bbox 313 1477 1767 1586; baseline -0.009 -20"><span class='ocrx_word' id='word_1_76' title='bbox 313 1506 349 1577; x_wconf 71' lang='lat'><strong>41</strong></span> <span class='ocrx_word' id='word_1_77' title='bbox 365 1487 478 1560; x_wconf 85' lang='lat' dir='ltr'><strong>rebus</strong></span> <span class='ocrx_word' id='word_1_78' title='bbox 507 1483 708 1558; x_wconf 82' lang='lat' dir='ltr'><strong>insolentia</strong></span> <span class='ocrx_word' id='word_1_79' title='bbox 736 1499 895 1586; x_wconf 87' lang='lat' dir='ltr'><strong>ceperat.</strong></span> <span class='ocrx_word' id='word_1_80' title='bbox 948 1483 1124 1555; x_wconf 88' lang='lat' dir='ltr'><strong>Ceterum</strong></span> <span class='ocrx_word' id='word_1_81' title='bbox 1156 1505 1235 1554; x_wconf 90' lang='lat' dir='ltr'><strong>mos</strong></span> <span class='ocrx_word' id='word_1_82' title='bbox 1258 1479 1427 1582; x_wconf 89' lang='lat' dir='ltr'><strong>partium</strong></span> <span class='ocrx_word' id='word_1_83' title='bbox 1451 1477 1698 1581; x_wconf 86' lang='lat' dir='ltr'><strong>popularium</strong></span> <span class='ocrx_word' id='word_1_84' title='bbox 1726 1499 1767 1554; x_wconf 88' lang='lat' dir='ltr'><strong>et</strong></span> 
     </span>
     <span class='ocr_line' id='line_1_11' title="bbox 362 1602 1767 1707; baseline -0.004 -23"><span class='ocrx_word' id='word_1_85' title='bbox 362 1608 494 1684; x_wconf 87' lang='lat' dir='ltr'><strong>Senati</strong></span> <span class='ocrx_word' id='word_1_86' title='bbox 527 1607 759 1695; x_wconf 88' lang='lat' dir='ltr'><strong>factionum,</strong></span> <span class='ocrx_word' id='word_1_87' title='bbox 789 1633 833 1680; x_wconf 89' lang='lat' dir='ltr'><strong>ac</strong></span> <span class='ocrx_word' id='word_1_88' title='bbox 864 1603 1004 1680; x_wconf 90' lang='lat' dir='ltr'><strong>deinde</strong></span> <span class='ocrx_word' id='word_1_89' title='bbox 1037 1605 1212 1678; x_wconf 89' lang='lat' dir='ltr'><strong>omniurn</strong></span> <span class='ocrx_word' id='word_1_90' title='bbox 1244 1602 1434 1677; x_wconf 86' lang='lat' dir='ltr'><strong>malarum</strong></span> <span class='ocrx_word' id='word_1_91' title='bbox 1467 1603 1610 1676; x_wconf 88' lang='lat' dir='ltr'><strong>artium</strong></span> <span class='ocrx_word' id='word_1_92' title='bbox 1635 1605 1767 1707; x_wconf 85' lang='lat' dir='ltr'><strong>paucis</strong></span> 
     </span>
     <span class='ocr_line' id='line_1_12' title="bbox 364 1726 1903 1840; baseline -0.004 -33"><span class='ocrx_word' id='word_1_93' title='bbox 364 1729 576 1807; x_wconf 87' lang='lat' dir='ltr'><strong>anteannis</strong></span> <span class='ocrx_word' id='word_1_94' title='bbox 594 1731 722 1804; x_wconf 84' lang='lat' dir='ltr'><strong>Romae</strong></span> <span class='ocrx_word' id='word_1_95' title='bbox 738 1744 842 1803; x_wconf 87' lang='lat' dir='ltr'><strong>ortus</strong></span> <span class='ocrx_word' id='word_1_96' title='bbox 864 1745 939 1816; x_wconf 87' lang='lat' dir='ltr'><strong>est,</strong></span> <span class='ocrx_word' id='word_1_97' title='bbox 967 1728 1044 1802; x_wconf 90' lang='lat' dir='ltr'><strong>otio</strong></span> <span class='ocrx_word' id='word_1_98' title='bbox 1070 1745 1184 1830; x_wconf 89' lang='lat' dir='ltr'><strong>atque</strong></span> <span class='ocrx_word' id='word_1_99' title='bbox 1203 1726 1443 1802; x_wconf 88' lang='lat' dir='ltr'><strong>abundantia</strong></span> <span class='ocrx_word' id='word_1_100' title='bbox 1463 1753 1594 1801; x_wconf 90' lang='lat' dir='ltr'><strong>earum</strong></span> <span class='ocrx_word' id='word_1_101' title='bbox 1615 1753 1767 1840; x_wconf 57' lang='lat' dir='ltr'><strong>rerum,</strong></span> <span class='ocrx_word' id='word_1_102' title='bbox 1825 1751 1844 1764; x_wconf 88' lang='lat'><strong>·</strong></span> <span class='ocrx_word' id='word_1_103' title='bbox 1902 1741 1903 1766; x_wconf 67' lang='lat'>¹</span> 
     </span>
     <span class='ocr_line' id='line_1_13' title="bbox 366 1849 1767 1959; baseline -0.001 -31"><span class='ocrx_word' id='word_1_104' title='bbox 366 1881 454 1959; x_wconf 83' lang='lat' dir='ltr'><strong>quae</strong></span> <span class='ocrx_word' id='word_1_105' title='bbox 487 1855 610 1958; x_wconf 88' lang='lat' dir='ltr'><strong>prima</strong></span> <span class='ocrx_word' id='word_1_106' title='bbox 638 1851 814 1927; x_wconf 73' lang='lat' dir='ltr'><strong>mortales</strong></span> <span class='ocrx_word' id='word_1_107' title='bbox 844 1850 1004 1926; x_wconf 87' lang='lat' dir='ltr'><strong>ducunt.</strong></span> <span class='ocrx_word' id='word_1_108' title='bbox 1054 1853 1151 1926; x_wconf 87' lang='lat' dir='ltr'><strong>Nam</strong></span> <span class='ocrx_word' id='word_1_109' title='bbox 1189 1866 1277 1926; x_wconf 82' lang='lat' dir='ltr'><strong>ante</strong></span> <span class='ocrx_word' id='word_1_110' title='bbox 1304 1849 1572 1954; x_wconf 79' lang='lat' dir='ltr'><strong>Carthaginem</strong></span> <span class='ocrx_word' id='word_1_111' title='bbox 1602 1850 1767 1926; x_wconf 86' lang='lat' dir='ltr'><strong>deletam</strong></span> 
     </span>
     <span class='ocr_line' id='line_1_14' title="bbox 362 1974 1769 2083; baseline -0.003 -29"><span class='ocrx_word' id='word_1_112' title='bbox 362 1979 530 2083; x_wconf 83' lang='lat' dir='ltr'><strong>populus</strong></span> <span class='ocrx_word' id='word_1_113' title='bbox 546 1995 585 2054; x_wconf 91' lang='lat' dir='ltr'><strong>et</strong></span> <span class='ocrx_word' id='word_1_114' title='bbox 607 1979 765 2052; x_wconf 87' lang='lat' dir='ltr'><strong>Senatus</strong></span> <span class='ocrx_word' id='word_1_115' title='bbox 791 1977 984 2049; x_wconf 84' lang='lat' dir='ltr'><strong>Romanus</strong></span> <span class='ocrx_word' id='word_1_116' title='bbox 1003 1975 1153 2078; x_wconf 86' lang='lat' dir='ltr'><strong>placide</strong></span> <span class='ocrx_word' id='word_1_117' title='bbox 1176 1974 1417 2078; x_wconf 75' lang='lat' dir='ltr'><strong>modesteque</strong></span> <span class='ocrx_word' id='word_1_118' title='bbox 1439 1975 1540 2050; x_wconf 87' lang='lat' dir='ltr'><strong>inter</strong></span> <span class='ocrx_word' id='word_1_119' title='bbox 1554 2001 1593 2050; x_wconf 84' lang='lat' dir='ltr'><strong>se</strong></span> <span class='ocrx_word' id='word_1_120' title='bbox 1614 2001 1769 2079; x_wconf 88' lang='lat' dir='ltr'><strong>rempu-</strong></span> 
     </span>
     <span class='ocr_line' id='line_1_15' title="bbox 364 2096 1766 2201; baseline -0.001 -24"><span class='ocrx_word' id='word_1_121' title='bbox 364 2103 507 2177; x_wconf 87' lang='lat' dir='ltr'><strong>blicam</strong></span> <span class='ocrx_word' id='word_1_122' title='bbox 539 2102 776 2176; x_wconf 88' lang='lat' dir='ltr'><strong>tractabant:</strong></span> <span class='ocrx_word' id='word_1_123' title='bbox 811 2123 935 2199; x_wconf 87' lang='lat' dir='ltr'><strong>neque</strong></span> <span class='ocrx_word' id='word_1_124' title='bbox 968 2097 1097 2201; x_wconf 72' lang='lat' dir='ltr'><strong>gloriae</strong></span> <span class='ocrx_word' id='word_1_125' title='bbox 1126 2123 1251 2200; x_wconf 88' lang='lat' dir='ltr'><strong>neque</strong></span> <span class='ocrx_word' id='word_1_126' title='bbox 1274 2096 1545 2174; x_wconf 85' lang='lat' dir='ltr'><strong>dominationis</strong></span> <span class='ocrx_word' id='word_1_127' title='bbox 1574 2115 1766 2176; x_wconf 85' lang='lat' dir='ltr'><strong>certamen</strong></span> 
     </span>
     <span class='ocr_line' id='line_1_16' title="bbox 366 2220 1767 2308; baseline -0.001 -8"><span class='ocrx_word' id='word_1_128' title='bbox 366 2225 470 2302; x_wconf 86' lang='lat' dir='ltr'><strong>inter</strong></span> <span class='ocrx_word' id='word_1_129' title='bbox 483 2225 574 2301; x_wconf 85' lang='lat' dir='ltr'><strong>civis</strong></span> <span class='ocrx_word' id='word_1_130' title='bbox 591 2240 688 2300; x_wconf 87' lang='lat' dir='ltr'><strong>erat:</strong></span> <span class='ocrx_word' id='word_1_131' title='bbox 704 2240 827 2308; x_wconf 82' lang='lat' dir='ltr'><strong>metus</strong></span> <span class='ocrx_word' id='word_1_132' title='bbox 842 2220 989 2296; x_wconf 82' lang='lat' dir='ltr'><strong>hostilis</strong></span> <span class='ocrx_word' id='word_1_133' title='bbox 1003 2222 1047 2295; x_wconf 90' lang='lat' dir='ltr'><strong>in</strong></span> <span class='ocrx_word' id='word_1_134' title='bbox 1061 2221 1172 2296; x_wconf 85' lang='lat' dir='ltr'><strong>bonis</strong></span> <span class='ocrx_word' id='word_1_135' title='bbox 1196 2223 1341 2297; x_wconf 80' lang='lat' dir='ltr'><strong>artibus</strong></span> <span class='ocrx_word' id='word_1_136' title='bbox 1360 2222 1551 2298; x_wconf 85' lang='lat' dir='ltr'><strong>civitatem</strong></span> <span class='ocrx_word' id='word_1_137' title='bbox 1568 2225 1767 2300; x_wconf 81' lang='lat' dir='ltr'><strong>retinebat.</strong></span> 
     </span>
     <span class='ocr_line' id='line_1_17' title="bbox 367 2345 1769 2450; baseline -0.001 -24"><span class='ocrx_word' id='word_1_138' title='bbox 367 2349 441 2426; x_wconf 84' lang='lat' dir='ltr'><strong>Sed</strong></span> <span class='ocrx_word' id='word_1_139' title='bbox 461 2349 529 2424; x_wconf 88' lang='lat' dir='ltr'><strong>ubi</strong></span> <span class='ocrx_word' id='word_1_140' title='bbox 554 2348 621 2423; x_wconf 86' lang='lat' dir='ltr'><strong>illa</strong></span> <span class='ocrx_word' id='word_1_141' title='bbox 651 2346 816 2422; x_wconf 82' lang='lat' dir='ltr'><strong>formido</strong></span> <span class='ocrx_word' id='word_1_142' title='bbox 846 2345 1039 2419; x_wconf 87' lang='lat' dir='ltr'><strong>mentibus</strong></span> <span class='ocrx_word' id='word_1_143' title='bbox 1068 2345 1232 2422; x_wconf 82' lang='lat' dir='ltr'><strong>discessit</strong></span> <span class='ocrx_word' id='word_1_144' title='bbox 1243 2378 1254 2440; x_wconf 89' lang='lat'>;</span> <span class='ocrx_word' id='word_1_145' title='bbox 1276 2345 1420 2423; x_wconf 88' lang='lat' dir='ltr'><strong>scilicet</strong></span> <span class='ocrx_word' id='word_1_146' title='bbox 1439 2371 1503 2436; x_wconf 88' lang='lat' dir='ltr'><strong>ea,</strong></span> <span class='ocrx_word' id='word_1_147' title='bbox 1533 2365 1620 2450; x_wconf 79' lang='lat' dir='ltr'><strong>quoe</strong></span> <span class='ocrx_word' id='word_1_148' title='bbox 1637 2374 1693 2423; x_wconf 79' lang='lat' dir='ltr'><strong>res</strong></span> <span class='ocrx_word' id='word_1_149' title='bbox 1712 2373 1769 2424; x_wconf 81' lang='lat' dir='ltr'><strong>se-</strong></span> 
     </span>
    </p>
   </div>
   <div class='ocr_carea' id='block_1_3' title="bbox 366 2467 1769 2702">
    <p class='ocr_par' dir='ltr' id='par_1_3' title="bbox 366 2467 1769 2702">
     <span class='ocr_line' id='line_1_18' title="bbox 366 2467 1767 2575; baseline 0 -28"><span class='ocrx_word' id='word_1_150' title='bbox 366 2472 505 2548; x_wconf 86' lang='lat' dir='ltr'><strong>cundae</strong></span> <span class='ocrx_word' id='word_1_151' title='bbox 536 2488 684 2559; x_wconf 90' lang='lat' dir='ltr'><strong>amant,</strong></span> <span class='ocrx_word' id='word_1_152' title='bbox 713 2467 863 2544; x_wconf 85' lang='lat' dir='ltr'><strong>lascivia</strong></span> <span class='ocrx_word' id='word_1_153' title='bbox 895 2485 1011 2570; x_wconf 88' lang='lat' dir='ltr'><strong>atque</strong></span> <span class='ocrx_word' id='word_1_154' title='bbox 1043 2468 1220 2574; x_wconf 77' lang='lat' dir='ltr'><strong>superbia</strong></span> <span class='ocrx_word' id='word_1_155' title='bbox 1247 2471 1434 2546; x_wconf 82' lang='lat' dir='ltr'><strong>incessere.</strong></span> <span class='ocrx_word' id='word_1_156' title='bbox 1491 2473 1572 2561; x_wconf 87' lang='lat' dir='ltr'><strong>Ita,</strong></span> <span class='ocrx_word' id='word_1_157' title='bbox 1599 2471 1703 2575; x_wconf 91' lang='lat' dir='ltr'><strong>quod</strong></span> <span class='ocrx_word' id='word_1_158' title='bbox 1725 2472 1767 2547; x_wconf 92' lang='lat' dir='ltr'><strong>in</strong></span> 
     </span>
     <span class='ocr_line' id='line_1_19' title="bbox 367 2592 1769 2702; baseline 0.001 -33"><span class='ocrx_word' id='word_1_159' title='bbox 367 2593 532 2669; x_wconf 83' lang='lat' dir='ltr'><strong>advorsis</strong></span> <span class='ocrx_word' id='word_1_160' title='bbox 548 2594 660 2668; x_wconf 88' lang='lat' dir='ltr'><strong>rebus</strong></span> <span class='ocrx_word' id='word_1_161' title='bbox 676 2607 915 2694; x_wconf 82' lang='lat' dir='ltr'><strong>optaverant,</strong></span> <span class='ocrx_word' id='word_1_162' title='bbox 934 2592 1082 2681; x_wconf 89' lang='lat' dir='ltr'><strong>otium,</strong></span> <span class='ocrx_word' id='word_1_163' title='bbox 1098 2609 1301 2697; x_wconf 87' lang='lat' dir='ltr'><strong>postquam</strong></span> <span class='ocrx_word' id='word_1_164' title='bbox 1320 2593 1447 2698; x_wconf 89' lang='lat' dir='ltr'><strong>adepti</strong></span> <span class='ocrx_word' id='word_1_165' title='bbox 1466 2612 1572 2685; x_wconf 88' lang='lat' dir='ltr'><strong>sunt,</strong></span> <span class='ocrx_word' id='word_1_166' title='bbox 1601 2597 1769 2702; x_wconf 86' lang='lat' dir='ltr'><strong>asperius</strong></span> 
     </span>
    </p>
   </div>
   <div class='ocr_carea' id='block_1_4' title="bbox 268 2795 1770 3927">
    <p class='ocr_par' dir='ltr' id='par_1_4' title="bbox 268 2795 1770 3927">
     <span class='ocr_line' id='line_1_20' title="bbox 363 2795 1770 2881; baseline 0.001 -23"><span class='ocrx_word' id='word_1_167' title='bbox 363 2799 428 2858; x_wconf 89' lang='lat' dir='ltr'><strong>ine.</strong></span> <span class='ocrx_word' id='word_1_168' title='bbox 448 2801 549 2862; x_wconf 84' lang='lat' dir='ltr'><strong>Franc.</strong></span> <span class='ocrx_word' id='word_1_169' title='bbox 572 2796 653 2856; x_wconf 85' lang='lat' dir='ltr'><strong>Leid.</strong></span> <span class='ocrx_word' id='word_1_170' title='bbox 668 2797 696 2861; x_wconf 82' lang='lat' dir='ltr'><strong>k.</strong></span> <span class='ocrx_word' id='word_1_171' title='bbox 717 2796 863 2860; x_wconf 85' lang='lat' dir='ltr'><strong>Commel.</strong></span> <span class='ocrx_word' id='word_1_172' title='bbox 892 2798 1001 2877; x_wconf 83' lang='lat' dir='ltr'><strong>aliique</strong></span> <span class='ocrx_word' id='word_1_173' title='bbox 1016 2817 1051 2857; x_wconf 84' lang='lat' dir='ltr'><strong>ex</strong></span> <span class='ocrx_word' id='word_1_174' title='bbox 1067 2795 1154 2856; x_wconf 87' lang='lat' dir='ltr'><strong>Palat.</strong></span> <span class='ocrx_word' id='word_1_175' title='bbox 1175 2800 1272 2878; x_wconf 84' lang='lat' dir='ltr'><strong>plures</strong></span> <span class='ocrx_word' id='word_1_176' title='bbox 1288 2797 1401 2858; x_wconf 84' lang='lat' dir='ltr'><strong>Wassii.</strong></span> <span class='ocrx_word' id='word_1_177' title='bbox 1421 2799 1490 2881; x_wconf 84' lang='lat' dir='ltr'><strong>Teg.</strong></span> <span class='ocrx_word' id='word_1_178' title='bbox 1510 2800 1578 2860; x_wconf 87' lang='lat' dir='ltr'><strong>Tur.</strong></span> <span class='ocrx_word' id='word_1_179' title='bbox 1611 2803 1770 2862; x_wconf 71' lang='lat' dir='ltr'><strong>daemomr&#39;t</strong></span> 
     </span>
     <span class='ocr_line' id='line_1_21' title="bbox 268 2899 1766 2985; baseline 0.003 -25"><span class='ocrx_word' id='word_1_180' title='bbox 268 2913 276 2926; x_wconf 90' lang='grc'><em>·</em></span> <span class='ocrx_word' id='word_1_181' title='bbox 367 2899 494 2961; x_wconf 74' lang='lat' dir='ltr'><strong>voluerit</strong></span> <span class='ocrx_word' id='word_1_182' title='bbox 512 2921 573 2959; x_wconf 89' lang='lat' dir='ltr'><strong>om.</strong></span> <span class='ocrx_word' id='word_1_183' title='bbox 594 2901 702 2962; x_wconf 80' lang='lat' dir='ltr'><strong>Vina.</strong></span> <span class='ocrx_word' id='word_1_184' title='bbox 723 2899 774 2960; x_wconf 77' lang='lat' dir='ltr'><strong>Ae.</strong></span> <span class='ocrx_word' id='word_1_185' title='bbox 793 2901 861 2960; x_wconf 85' lang='lat' dir='ltr'><strong>Seu.</strong></span> <span class='ocrx_word' id='word_1_186' title='bbox 873 2920 901 2959; x_wconf 84' lang='lat' dir='ltr'><strong>a.</strong></span> <span class='ocrx_word' id='word_1_187' title='bbox 921 2901 1021 2960; x_wconf 85' lang='lat' dir='ltr'><strong>Heuss.</strong></span> <span class='ocrx_word' id='word_1_188' title='bbox 1042 2903 1101 2962; x_wconf 90' lang='lat' dir='ltr'><strong>ino.</strong></span> <span class='ocrx_word' id='word_1_189' title='bbox 1117 2923 1141 2962; x_wconf 87' lang='grc' dir='ltr'><strong>ι.</strong></span> <span class='ocrx_word' id='word_1_190' title='bbox 1162 2901 1280 2962; x_wconf 66' lang='lat' dir='ltr'><strong>irato.</strong></span> <span class='ocrx_word' id='word_1_191' title='bbox 1309 2901 1405 2967; x_wconf 85' lang='lat' dir='ltr'><strong>Guell.</strong></span> <span class='ocrx_word' id='word_1_192' title='bbox 1417 2903 1446 2966; x_wconf 98' lang='grc'><strong>3.</strong></span> <span class='ocrx_word' id='word_1_193' title='bbox 1460 2926 1489 2985; x_wconf 84' lang='lat'><strong>9.</strong></span> <span class='ocrx_word' id='word_1_194' title='bbox 1517 2905 1597 2965; x_wconf 85' lang='lat' dir='ltr'><strong>Leid.</strong></span> <span class='ocrx_word' id='word_1_195' title='bbox 1610 2929 1637 2966; x_wconf 84' lang='lat' dir='ltr'><strong>a.</strong></span> <span class='ocrx_word' id='word_1_196' title='bbox 1664 2906 1766 2976; x_wconf 60' lang='grc' dir='ltr'><strong>ΒΜ.</strong></span> 
     </span>
     <span class='ocr_line' id='line_1_22' title="bbox 367 2990 1768 3086; baseline 0.004 -22"><span class='ocrx_word' id='word_1_197' title='bbox 367 3005 403 3072; x_wconf 82' lang='grc' dir='ltr'><strong>Β.</strong></span> <span class='ocrx_word' id='word_1_198' title='bbox 412 3025 502 3085; x_wconf 75' lang='lat' dir='ltr'><strong>supra</strong></span> <span class='ocrx_word' id='word_1_199' title='bbox 523 3004 761 3084; x_wconf 71' lang='lat' dir='ltr'><strong>(omissofirisse)</strong></span> <span class='ocrx_word' id='word_1_200' title='bbox 788 3003 849 3062; x_wconf 80' lang='lat' dir='ltr'><strong>Bas.</strong></span> <span class='ocrx_word' id='word_1_201' title='bbox 868 3025 894 3062; x_wconf 89' lang='lat'><strong>1.</strong></span> <span class='ocrx_word' id='word_1_202' title='bbox 915 3025 956 3062; x_wconf 92' lang='lat' dir='ltr'><strong>m.</strong></span> <span class='ocrx_word' id='word_1_203' title='bbox 968 3026 1013 3086; x_wconf 89' lang='lat' dir='ltr'><strong>pr.</strong></span> <span class='ocrx_word' id='word_1_204' title='bbox 1042 3004 1145 3070; x_wconf 85' lang='lat' dir='ltr'><strong>Franc.</strong></span> <span class='ocrx_word' id='word_1_205' title='bbox 1166 3007 1267 3068; x_wconf 85' lang='lat' dir='ltr'><strong>incert.</strong></span> <span class='ocrx_word' id='word_1_206' title='bbox 1283 2990 1308 3067; x_wconf 81' lang='lat' dir='ltr'><strong>i.</strong></span> <span class='ocrx_word' id='word_1_207' title='bbox 1330 3007 1470 3081; x_wconf 45' lang='lat' dir='ltr'><strong>(lualid.</strong></span> <span class='ocrx_word' id='word_1_208' title='bbox 1492 3009 1616 3070; x_wconf 71' lang='lat' dir='ltr'><strong>Pariaa.</strong></span> <span class='ocrx_word' id='word_1_209' title='bbox 1638 3009 1724 3072; x_wconf 82' lang='lat' dir='ltr'><strong>Bern.</strong></span> <span class='ocrx_word' id='word_1_210' title='bbox 1737 3011 1768 3072; x_wconf 87' lang='grc'><strong>3.</strong></span> 
     </span>
     <span class='ocr_line' id='line_1_23' title="bbox 367 3107 1766 3181; baseline 0.003 -10"><span class='ocrx_word' id='word_1_211' title='bbox 367 3110 522 3174; x_wconf 74' lang='lat' dir='ltr'><strong>docuimus</strong></span> <span class='ocrx_word' id='word_1_212' title='bbox 540 3109 601 3175; x_wconf 86' lang='lat' dir='ltr'><strong>Bas.</strong></span> <span class='ocrx_word' id='word_1_213' title='bbox 618 3131 643 3170; x_wconf 86' lang='lat'><strong>1.</strong></span> <span class='ocrx_word' id='word_1_214' title='bbox 657 3110 685 3181; x_wconf 74' lang='lat' dir='ltr'><strong>d.</strong></span> <span class='ocrx_word' id='word_1_215' title='bbox 713 3107 795 3170; x_wconf 75' lang='lat' dir='ltr'><strong>Febr.</strong></span> <span class='ocrx_word' id='word_1_216' title='bbox 822 3109 888 3168; x_wconf 85' lang='lat' dir='ltr'><strong>Seu.</strong></span> <span class='ocrx_word' id='word_1_217' title='bbox 909 3109 977 3169; x_wconf 81' lang='lat' dir='ltr'><strong>Ere.</strong></span> <span class='ocrx_word' id='word_1_218' title='bbox 1005 3110 1055 3170; x_wconf 79' lang='lat' dir='ltr'><strong>dc.</strong></span> <span class='ocrx_word' id='word_1_219' title='bbox 1076 3111 1143 3172; x_wconf 86' lang='lat' dir='ltr'><strong>Vin.</strong></span> <span class='ocrx_word' id='word_1_220' title='bbox 1160 3133 1184 3177; x_wconf 87' lang='lat'><strong>1.</strong></span> <span class='ocrx_word' id='word_1_221' title='bbox 1202 3110 1272 3171; x_wconf 87' lang='lat' dir='ltr'><strong>Tur.</strong></span> <span class='ocrx_word' id='word_1_222' title='bbox 1295 3111 1393 3173; x_wconf 83' lang='lat' dir='ltr'><strong>lleuss.</strong></span> <span class='ocrx_word' id='word_1_223' title='bbox 1414 3111 1538 3178; x_wconf 62' lang='lat' dir='ltr'><strong>Remea.</strong></span> <span class='ocrx_word' id='word_1_224' title='bbox 1559 3113 1657 3174; x_wconf 83' lang='lat' dir='ltr'><strong>Guelf.</strong></span> <span class='ocrx_word' id='word_1_225' title='bbox 1674 3137 1699 3175; x_wconf 83' lang='lat' dir='ltr'><strong>r.</strong></span> <span class='ocrx_word' id='word_1_226' title='bbox 1720 3137 1766 3176; x_wconf 83' lang='lat' dir='ltr'><strong>ro.</strong></span> 
     </span>
     <span class='ocr_line' id='line_1_24' title="bbox 366 3213 1765 3302; baseline 0 -24"><span class='ocrx_word' id='word_1_227' title='bbox 366 3216 448 3278; x_wconf 71' lang='lat' dir='ltr'><strong>laid.</strong></span> <span class='ocrx_word' id='word_1_228' title='bbox 459 3217 489 3281; x_wconf 87' lang='lat' dir='ltr'><strong>b.</strong></span> <span class='ocrx_word' id='word_1_229' title='bbox 499 3215 529 3274; x_wconf 92' lang='lat' dir='ltr'><strong>d.</strong></span> <span class='ocrx_word' id='word_1_230' title='bbox 543 3237 569 3275; x_wconf 85' lang='lat' dir='ltr'><strong>e.</strong></span> <span class='ocrx_word' id='word_1_231' title='bbox 584 3217 604 3274; x_wconf 87' lang='lat' dir='ltr'><strong>s.</strong></span> <span class='ocrx_word' id='word_1_232' title='bbox 617 3213 648 3273; x_wconf 93' lang='lat' dir='ltr'><strong>b.</strong></span> <span class='ocrx_word' id='word_1_233' title='bbox 661 3217 681 3273; x_wconf 93' lang='lat' dir='ltr'><strong>i.</strong></span> <span class='ocrx_word' id='word_1_234' title='bbox 696 3216 724 3272; x_wconf 87' lang='lat' dir='ltr'><strong>l.</strong></span> <span class='ocrx_word' id='word_1_235' title='bbox 738 3217 758 3273; x_wconf 93' lang='lat' dir='ltr'><strong>l.</strong></span> <span class='ocrx_word' id='word_1_236' title='bbox 771 3233 802 3271; x_wconf 88' lang='lat' dir='ltr'><strong>n.</strong></span> <span class='ocrx_word' id='word_1_237' title='bbox 823 3215 953 3295; x_wconf 88' lang='lat' dir='ltr'><strong>quinque</strong></span> <span class='ocrx_word' id='word_1_238' title='bbox 964 3215 1077 3274; x_wconf 85' lang='lat' dir='ltr'><strong>Wassii.</strong></span> <span class='ocrx_word' id='word_1_239' title='bbox 1098 3216 1227 3297; x_wconf 89' lang='lat' dir='ltr'><strong>quinque</strong></span> <span class='ocrx_word' id='word_1_240' title='bbox 1240 3215 1325 3275; x_wconf 82' lang='lat' dir='ltr'><strong>Paris.</strong></span> <span class='ocrx_word' id='word_1_241' title='bbox 1345 3215 1474 3277; x_wconf 61' lang='lat' dir='ltr'><strong>dabimus</strong></span> <span class='ocrx_word' id='word_1_242' title='bbox 1493 3219 1551 3278; x_wconf 88' lang='lat' dir='ltr'><strong>inc.</strong></span> <span class='ocrx_word' id='word_1_243' title='bbox 1567 3239 1593 3277; x_wconf 88' lang='lat'><strong>1.</strong></span> <span class='ocrx_word' id='word_1_244' title='bbox 1613 3218 1728 3284; x_wconf 69' lang='lat' dir='ltr'><strong>laida.</strong></span> <span class='ocrx_word' id='word_1_245' title='bbox 1736 3243 1765 3302; x_wconf 85' lang='lat' dir='ltr'><strong>g.</strong></span> 
     </span>
     <span class='ocr_line' id='line_1_25' title="bbox 367 3319 1765 3401; baseline 0.001 -18"><span class='ocrx_word' id='word_1_246' title='bbox 367 3323 401 3383; x_wconf 83' lang='lat' dir='ltr'><strong>B.</strong></span> <span class='ocrx_word' id='word_1_247' title='bbox 417 3320 489 3381; x_wconf 88' lang='lat' dir='ltr'><strong>Pub.</strong></span> <span class='ocrx_word' id='word_1_248' title='bbox 508 3321 593 3380; x_wconf 87' lang='lat' dir='ltr'><strong>Bern.</strong></span> <span class='ocrx_word' id='word_1_249' title='bbox 607 3321 636 3381; x_wconf 85' lang='grc'><strong>3.</strong></span> <span class='ocrx_word' id='word_1_250' title='bbox 658 3319 879 3379; x_wconf 73' lang='lat' dir='ltr'><strong>memoravimus</strong></span> <span class='ocrx_word' id='word_1_251' title='bbox 898 3320 1030 3401; x_wconf 87' lang='lat' dir='ltr'><strong>plurimi.</strong></span> <span class='ocrx_word' id='word_1_252' title='bbox 1061 3319 1191 3379; x_wconf 84' lang='lat' dir='ltr'><strong>Mamilli</strong></span> <span class='ocrx_word' id='word_1_253' title='bbox 1205 3341 1268 3400; x_wconf 82' lang='lat' dir='ltr'><strong>rog.</strong></span> <span class='ocrx_word' id='word_1_254' title='bbox 1294 3322 1416 3401; x_wconf 87' lang='lat' dir='ltr'><strong>plurimi</strong></span> <span class='ocrx_word' id='word_1_255' title='bbox 1439 3321 1517 3382; x_wconf 89' lang='lat' dir='ltr'><strong>libri.</strong></span> <span class='ocrx_word' id='word_1_256' title='bbox 1546 3321 1677 3383; x_wconf 82' lang='lat' dir='ltr'><strong>Mamilii</strong></span> <span class='ocrx_word' id='word_1_257' title='bbox 1701 3324 1765 3385; x_wconf 83' lang='lat' dir='ltr'><strong>bas.</strong></span> 
     </span>
     <span class='ocr_line' id='line_1_26' title="bbox 369 3423 1763 3502; baseline 0.004 -16"><span class='ocrx_word' id='word_1_258' title='bbox 369 3427 400 3496; x_wconf 75' lang='lat' dir='ltr'><strong>d.</strong></span> <span class='ocrx_word' id='word_1_259' title='bbox 419 3426 504 3486; x_wconf 85' lang='lat' dir='ltr'><strong>Bern.</strong></span> <span class='ocrx_word' id='word_1_260' title='bbox 516 3426 545 3486; x_wconf 92' lang='grc'><strong>3.</strong></span> <span class='ocrx_word' id='word_1_261' title='bbox 571 3423 763 3484; x_wconf 71' lang='lat' dir='ltr'><strong>blanditam.</strong></span> <span class='ocrx_word' id='word_1_262' title='bbox 783 3423 921 3484; x_wconf 66' lang='lat' dir='ltr'><strong>Munilia</strong></span> <span class='ocrx_word' id='word_1_263' title='bbox 944 3423 1012 3484; x_wconf 80' lang='lat' dir='ltr'><strong>Sen.</strong></span> <span class='ocrx_word' id='word_1_264' title='bbox 1027 3445 1052 3489; x_wconf 85' lang='lat'><strong>1.</strong></span> <span class='ocrx_word' id='word_1_265' title='bbox 1074 3425 1191 3502; x_wconf 71' lang='lat' dir='ltr'><strong>questio</strong></span> <span class='ocrx_word' id='word_1_266' title='bbox 1219 3425 1319 3486; x_wconf 79' lang='lat' dir='ltr'><strong>Vinar.</strong></span> <span class='ocrx_word' id='word_1_267' title='bbox 1341 3424 1454 3492; x_wconf 85' lang='lat' dir='ltr'><strong>Fabrie.</strong></span> <span class='ocrx_word' id='word_1_268' title='bbox 1476 3426 1537 3487; x_wconf 82' lang='lat' dir='ltr'><strong>Bas.</strong></span> <span class='ocrx_word' id='word_1_269' title='bbox 1551 3427 1617 3500; x_wconf 68' lang='lat' dir='ltr'><strong>md.</strong></span> <span class='ocrx_word' id='word_1_270' title='bbox 1641 3429 1763 3490; x_wconf 70' lang='lat' dir='ltr'><strong>Senatu</strong></span> 
     </span>
     <span class='ocr_line' id='line_1_27' title="bbox 368 3527 1764 3611; baseline 0.004 -22"><span class='ocrx_word' id='word_1_271' title='bbox 368 3529 490 3589; x_wconf 73' lang='lat' dir='ltr'><strong>liemm.</strong></span> <span class='ocrx_word' id='word_1_272' title='bbox 510 3531 605 3592; x_wconf 87' lang='lat' dir='ltr'><strong>Strur.</strong></span> <span class='ocrx_word' id='word_1_273' title='bbox 624 3531 684 3589; x_wconf 91' lang='lat' dir='ltr'><strong>inc.</strong></span> <span class='ocrx_word' id='word_1_274' title='bbox 699 3550 726 3589; x_wconf 86' lang='lat'><strong>2.</strong></span> <span class='ocrx_word' id='word_1_275' title='bbox 747 3527 1002 3600; x_wconf 69' lang='lat' dir='ltr'><strong>Guelf.1.2.3.d.</strong></span> <span class='ocrx_word' id='word_1_276' title='bbox 1022 3528 1140 3589; x_wconf 72' lang='lat' dir='ltr'><strong>laide.</strong></span> <span class='ocrx_word' id='word_1_277' title='bbox 1158 3530 1229 3590; x_wconf 84' lang='lat' dir='ltr'><strong>Tur.</strong></span> <span class='ocrx_word' id='word_1_278' title='bbox 1248 3529 1332 3596; x_wconf 89' lang='lat' dir='ltr'><strong>Bcrn.</strong></span> <span class='ocrx_word' id='word_1_279' title='bbox 1345 3531 1374 3591; x_wconf 92' lang='grc'><strong>3.</strong></span> <span class='ocrx_word' id='word_1_280' title='bbox 1395 3531 1550 3611; x_wconf 60' lang='lat' dir='ltr'><strong>quarum</strong></span> <span class='ocrx_word' id='word_1_281' title='bbox 1562 3543 1645 3593; x_wconf 84' lang='lat' dir='ltr'><strong>antea</strong></span> <span class='ocrx_word' id='word_1_282' title='bbox 1653 3535 1764 3595; x_wconf 82' lang='lat' dir='ltr'><strong>editum</strong></span> 
     </span>
     <span class='ocr_line' id='line_1_28' title="bbox 368 3631 1765 3707; baseline 0.004 -14"><span class='ocrx_word' id='word_1_283' title='bbox 368 3635 435 3693; x_wconf 82' lang='lat' dir='ltr'><strong>fuit.</strong></span> <span class='ocrx_word' id='word_1_284' title='bbox 454 3635 615 3694; x_wconf 70' lang='lat' dir='ltr'><strong>armcitata</strong></span> <span class='ocrx_word' id='word_1_285' title='bbox 633 3635 733 3696; x_wconf 81' lang='lat' dir='ltr'><strong>Vinar.</strong></span> <span class='ocrx_word' id='word_1_286' title='bbox 754 3655 779 3693; x_wconf 79' lang='lat' dir='ltr'><strong>a.</strong></span> <span class='ocrx_word' id='word_1_287' title='bbox 802 3634 882 3694; x_wconf 84' lang='lat' dir='ltr'><strong>Vrat.</strong></span> <span class='ocrx_word' id='word_1_288' title='bbox 897 3632 927 3692; x_wconf 88' lang='grc'><strong>3.</strong></span> <span class='ocrx_word' id='word_1_289' title='bbox 957 3631 1048 3694; x_wconf 71' lang='lat' dir='ltr'><strong>lead.</strong></span> <span class='ocrx_word' id='word_1_290' title='bbox 1068 3633 1163 3698; x_wconf 81' lang='lat' dir='ltr'><strong>Sonat.</strong></span> <span class='ocrx_word' id='word_1_291' title='bbox 1177 3653 1204 3700; x_wconf 80' lang='lat' dir='ltr'><strong>a.</strong></span> <span class='ocrx_word' id='word_1_292' title='bbox 1225 3633 1324 3707; x_wconf 64' lang='grc' dir='ltr'><strong>ΒΜ.</strong></span> <span class='ocrx_word' id='word_1_293' title='bbox 1345 3635 1430 3696; x_wconf 83' lang='lat' dir='ltr'><strong>Bern.</strong></span> <span class='ocrx_word' id='word_1_294' title='bbox 1443 3657 1468 3696; x_wconf 87' lang='grc' dir='ltr'><strong>ι.</strong></span> <span class='ocrx_word' id='word_1_295' title='bbox 1491 3637 1590 3696; x_wconf 83' lang='lat' dir='ltr'><strong>Heuss.</strong></span> <span class='ocrx_word' id='word_1_296' title='bbox 1611 3637 1723 3704; x_wconf 83' lang='lat' dir='ltr'><strong>Fabrie.</strong></span> <span class='ocrx_word' id='word_1_297' title='bbox 1737 3661 1765 3699; x_wconf 80' lang='lat' dir='ltr'><strong>a.</strong></span> 
     </span>
     <span class='ocr_line' id='line_1_29' title="bbox 367 3737 1768 3822; baseline 0.003 -24"><span class='ocrx_word' id='word_1_298' title='bbox 367 3738 465 3800; x_wconf 79' lang='lat' dir='ltr'><strong>Strur.</strong></span> <span class='ocrx_word' id='word_1_299' title='bbox 486 3737 569 3798; x_wconf 85' lang='lat' dir='ltr'><strong>ilem.</strong></span> <span class='ocrx_word' id='word_1_300' title='bbox 587 3759 612 3804; x_wconf 88' lang='lat'><strong>1.</strong></span> <span class='ocrx_word' id='word_1_301' title='bbox 632 3739 735 3799; x_wconf 83' lang='lat' dir='ltr'><strong>Frane.</strong></span> <span class='ocrx_word' id='word_1_302' title='bbox 756 3739 854 3800; x_wconf 77' lang='lat' dir='ltr'><strong>Garis.</strong></span> <span class='ocrx_word' id='word_1_303' title='bbox 869 3760 900 3818; x_wconf 86' lang='lat'><strong>9.</strong></span> <span class='ocrx_word' id='word_1_304' title='bbox 916 3759 961 3797; x_wconf 89' lang='grc' dir='ltr'><strong>ιο.</strong></span> <span class='ocrx_word' id='word_1_305' title='bbox 977 3758 1022 3796; x_wconf 83' lang='grc' dir='ltr'><strong>ιι.</strong></span> <span class='ocrx_word' id='word_1_306' title='bbox 1035 3758 1082 3798; x_wconf 82' lang='lat' dir='ltr'><strong>ra.</strong></span> <span class='ocrx_word' id='word_1_307' title='bbox 1102 3737 1216 3804; x_wconf 79' lang='lat' dir='ltr'><strong>Leido.</strong></span> <span class='ocrx_word' id='word_1_308' title='bbox 1231 3739 1261 3798; x_wconf 92' lang='lat' dir='ltr'><strong>d.</strong></span> <span class='ocrx_word' id='word_1_309' title='bbox 1273 3741 1330 3800; x_wconf 76' lang='lat' dir='ltr'><strong>ml.</strong></span> <span class='ocrx_word' id='word_1_310' title='bbox 1346 3761 1374 3822; x_wconf 85' lang='lat' dir='ltr'><strong>g.</strong></span> <span class='ocrx_word' id='word_1_311' title='bbox 1388 3737 1418 3804; x_wconf 90' lang='lat' dir='ltr'><strong>h.</strong></span> <span class='ocrx_word' id='word_1_312' title='bbox 1432 3741 1452 3800; x_wconf 91' lang='lat' dir='ltr'><strong>i.</strong></span> <span class='ocrx_word' id='word_1_313' title='bbox 1466 3741 1495 3801; x_wconf 83' lang='lat' dir='ltr'><strong>ir.</strong></span> <span class='ocrx_word' id='word_1_314' title='bbox 1515 3753 1583 3802; x_wconf 88' lang='lat' dir='ltr'><strong>octo</strong></span> <span class='ocrx_word' id='word_1_315' title='bbox 1592 3744 1705 3805; x_wconf 81' lang='lat' dir='ltr'><strong>Wassii.</strong></span> <span class='ocrx_word' id='word_1_316' title='bbox 1727 3755 1768 3806; x_wconf 78' lang='lat' dir='ltr'><strong>cat</strong></span> 
     </span>
     <span class='ocr_line' id='line_1_30' title="bbox 370 3842 1686 3927; baseline 0.003 -23"><span class='ocrx_word' id='word_1_317' title='bbox 370 3843 485 3904; x_wconf 85' lang='lat' dir='ltr'><strong>addunt</strong></span> <span class='ocrx_word' id='word_1_318' title='bbox 499 3843 567 3905; x_wconf 83' lang='lat' dir='ltr'><strong>viu.</strong></span> <span class='ocrx_word' id='word_1_319' title='bbox 582 3863 611 3902; x_wconf 81' lang='lat' dir='ltr'><strong>a.</strong></span> <span class='ocrx_word' id='word_1_320' title='bbox 630 3843 726 3908; x_wconf 85' lang='lat' dir='ltr'><strong>Strur.</strong></span> <span class='ocrx_word' id='word_1_321' title='bbox 743 3846 803 3904; x_wconf 85' lang='lat' dir='ltr'><strong>ine.</strong></span> <span class='ocrx_word' id='word_1_322' title='bbox 814 3863 842 3903; x_wconf 82' lang='lat' dir='ltr'><strong>a.</strong></span> <span class='ocrx_word' id='word_1_323' title='bbox 861 3842 975 3903; x_wconf 77' lang='lat' dir='ltr'><strong>Fabric.</strong></span> <span class='ocrx_word' id='word_1_324' title='bbox 991 3863 1019 3903; x_wconf 79' lang='lat' dir='ltr'><strong>a.</strong></span> <span class='ocrx_word' id='word_1_325' title='bbox 1039 3863 1076 3904; x_wconf 73' lang='lat' dir='ltr'><strong>cc</strong></span> <span class='ocrx_word' id='word_1_326' title='bbox 1088 3864 1168 3906; x_wconf 82' lang='lat' dir='ltr'><strong>mora</strong></span> <span class='ocrx_word' id='word_1_327' title='bbox 1182 3853 1224 3904; x_wconf 81' lang='lat' dir='ltr'><strong>est</strong></span> <span class='ocrx_word' id='word_1_328' title='bbox 1238 3845 1319 3904; x_wconf 84' lang='lat' dir='ltr'><strong>libid.</strong></span> <span class='ocrx_word' id='word_1_329' title='bbox 1341 3844 1423 3905; x_wconf 79' lang='lat' dir='ltr'><strong>Fabr.</strong></span> <span class='ocrx_word' id='word_1_330' title='bbox 1441 3867 1469 3906; x_wconf 86' lang='lat' dir='ltr'><strong>a.</strong></span> <span class='ocrx_word' id='word_1_331' title='bbox 1490 3847 1565 3927; x_wconf 80' lang='lat' dir='ltr'><strong>oepit</strong></span> <span class='ocrx_word' id='word_1_332' title='bbox 1584 3848 1645 3910; x_wconf 84' lang='lat' dir='ltr'><strong>Bas.</strong></span> <span class='ocrx_word' id='word_1_333' title='bbox 1657 3851 1686 3921; x_wconf 72' lang='grc'><strong>4.</strong></span> 
     </span>
    </p>
   </div>
   <div class='ocr_carea' id='block_1_5' title="bbox 371 3969 1771 4162">
    <p class='ocr_par' dir='ltr' id='par_1_5' title="bbox 371 3969 1771 4162">
     <span class='ocr_line' id='line_1_31' title="bbox 455 3969 1770 4056; baseline 0.011 -26"><span class='ocrx_word' id='word_1_334' title='bbox 455 3969 527 4051; x_wconf 84' lang='lat' dir='ltr'><strong>Cap.</strong></span> <span class='ocrx_word' id='word_1_335' title='bbox 542 3971 592 4043; x_wconf 73' lang='lat' dir='ltr'><strong>dr.</strong></span> <span class='ocrx_word' id='word_1_336' title='bbox 612 3981 640 4030; x_wconf 84' lang='lat' dir='ltr'><strong>et</strong></span> <span class='ocrx_word' id='word_1_337' title='bbox 656 3970 841 4056; x_wconf 68' lang='lat' dir='ltr'><strong>Senotjoct.</strong></span> <span class='ocrx_word' id='word_1_338' title='bbox 860 3969 931 4032; x_wconf 74' lang='lat' dir='ltr'><strong>Son.</strong></span> <span class='ocrx_word' id='word_1_339' title='bbox 951 3994 1012 4032; x_wconf 91' lang='lat' dir='ltr'><strong>om.</strong></span> <span class='ocrx_word' id='word_1_340' title='bbox 1024 3973 1124 4034; x_wconf 82' lang='lat' dir='ltr'><strong>Nazar.</strong></span> <span class='ocrx_word' id='word_1_341' title='bbox 1150 3975 1182 4034; x_wconf 90' lang='lat' dir='ltr'><strong>in</strong></span> <span class='ocrx_word' id='word_1_342' title='bbox 1195 3973 1340 4040; x_wconf 83' lang='lat' dir='ltr'><strong>Commel.</strong></span> <span class='ocrx_word' id='word_1_343' title='bbox 1354 3985 1384 4035; x_wconf 85' lang='lat' dir='ltr'><strong>et</strong></span> <span class='ocrx_word' id='word_1_344' title='bbox 1400 3975 1487 4041; x_wconf 84' lang='lat' dir='ltr'><strong>Palat.</strong></span> <span class='ocrx_word' id='word_1_345' title='bbox 1498 3995 1525 4036; x_wconf 67' lang='grc' dir='ltr'><strong>α.</strong></span> <span class='ocrx_word' id='word_1_346' title='bbox 1555 3999 1646 4039; x_wconf 84' lang='lat' dir='ltr'><strong>manu</strong></span> <span class='ocrx_word' id='word_1_347' title='bbox 1659 3987 1770 4045; x_wconf 80' lang='lat' dir='ltr'><strong>recenti</strong></span> 
     </span>
     <span class='ocr_line' id='line_1_32' title="bbox 371 4073 1771 4162; baseline 0.009 -25"><span class='ocrx_word' id='word_1_348' title='bbox 371 4077 517 4138; x_wconf 80' lang='lat' dir='ltr'><strong>additum.</strong></span> <span class='ocrx_word' id='word_1_349' title='bbox 538 4085 566 4135; x_wconf 80' lang='lat' dir='ltr'><strong>et</strong></span> <span class='ocrx_word' id='word_1_350' title='bbox 580 4097 640 4136; x_wconf 91' lang='lat' dir='ltr'><strong>om.</strong></span> <span class='ocrx_word' id='word_1_351' title='bbox 658 4077 745 4140; x_wconf 84' lang='lat' dir='ltr'><strong>Palat.</strong></span> <span class='ocrx_word' id='word_1_352' title='bbox 758 4073 789 4136; x_wconf 88' lang='grc'><strong>3.</strong></span> <span class='ocrx_word' id='word_1_353' title='bbox 817 4085 897 4137; x_wconf 81' lang='lat' dir='ltr'><strong>ortus</strong></span> <span class='ocrx_word' id='word_1_354' title='bbox 911 4089 961 4138; x_wconf 77' lang='lat' dir='ltr'><strong>est.</strong></span> <span class='ocrx_word' id='word_1_355' title='bbox 982 4088 1024 4139; x_wconf 81' lang='lat' dir='ltr'><strong>cst</strong></span> <span class='ocrx_word' id='word_1_356' title='bbox 1043 4099 1104 4138; x_wconf 90' lang='lat' dir='ltr'><strong>om.</strong></span> <span class='ocrx_word' id='word_1_357' title='bbox 1129 4077 1243 4142; x_wconf 86' lang='lat' dir='ltr'><strong>Fabric.</strong></span> <span class='ocrx_word' id='word_1_358' title='bbox 1257 4101 1284 4140; x_wconf 86' lang='lat'><strong>2.</strong></span> <span class='ocrx_word' id='word_1_359' title='bbox 1313 4079 1409 4142; x_wconf 83' lang='lat' dir='ltr'><strong>Guelf.</strong></span> <span class='ocrx_word' id='word_1_360' title='bbox 1424 4080 1454 4140; x_wconf 89' lang='grc'><strong>3.</strong></span> <span class='ocrx_word' id='word_1_361' title='bbox 1481 4081 1541 4142; x_wconf 84' lang='lat' dir='ltr'><strong>otio</strong></span> <span class='ocrx_word' id='word_1_362' title='bbox 1556 4091 1643 4162; x_wconf 79' lang='lat' dir='ltr'><strong>utque</strong></span> <span class='ocrx_word' id='word_1_363' title='bbox 1661 4085 1727 4148; x_wconf 74' lang='lat' dir='ltr'><strong>Bm.</strong></span> <span class='ocrx_word' id='word_1_364' title='bbox 1743 4111 1771 4150; x_wconf 86' lang='lat' dir='ltr'><strong>r.</strong></span> 
     </span>
    </p>
   </div>
   <div class='ocr_carea' id='block_1_6' title="bbox 371 4181 1773 4268">
    <p class='ocr_par' dir='ltr' id='par_1_6' title="bbox 371 4181 1773 4268">
     <span class='ocr_line' id='line_1_33' title="bbox 371 4181 1773 4268; baseline 0.002 -22"><span class='ocrx_word' id='word_1_365' title='bbox 371 4181 441 4256; x_wconf 75' lang='lat' dir='ltr'><strong>Tur.</strong></span> <span class='ocrx_word' id='word_1_366' title='bbox 461 4183 546 4248; x_wconf 83' lang='lat' dir='ltr'><strong>Bem.</strong></span> <span class='ocrx_word' id='word_1_367' title='bbox 564 4203 590 4242; x_wconf 85' lang='lat'><strong>1.</strong></span> <span class='ocrx_word' id='word_1_368' title='bbox 604 4186 631 4245; x_wconf 79' lang='lat'><strong>3.</strong></span> <span class='ocrx_word' id='word_1_369' title='bbox 651 4181 732 4247; x_wconf 84' lang='lat' dir='ltr'><strong>Leid.</strong></span> <span class='ocrx_word' id='word_1_370' title='bbox 751 4181 873 4248; x_wconf 74' lang='lat' dir='ltr'><strong>Havete.</strong></span> <span class='ocrx_word' id='word_1_371' title='bbox 891 4203 1104 4245; x_wconf 69' lang='lat' dir='ltr'><strong>rerumrerum</strong></span> <span class='ocrx_word' id='word_1_372' title='bbox 1123 4186 1254 4268; x_wconf 85' lang='lat' dir='ltr'><strong>plerique</strong></span> <span class='ocrx_word' id='word_1_373' title='bbox 1271 4185 1350 4247; x_wconf 89' lang='lat' dir='ltr'><strong>libri.</strong></span> <span class='ocrx_word' id='word_1_374' title='bbox 1375 4187 1685 4254; x_wconf 77' lang='lat' dir='ltr'><strong>earumom.1eid.l.</strong></span> <span class='ocrx_word' id='word_1_375' title='bbox 1707 4216 1773 4263; x_wconf 66' lang='lat' dir='ltr'><strong>m,</strong></span> 
     </span>
    </p>
   </div>
   <div class='ocr_carea' id='block_1_7' title="bbox 0 0 1946 4867">
    <p class='ocr_par' dir='ltr' id='par_1_7' title="bbox 0 0 1946 4867">
     <span class='ocr_line' id='line_1_34' title="bbox 0 0 1946 4867; baseline 0 0"><span class='ocrx_word' id='word_1_376' title='bbox 0 0 1946 4867; x_wconf 95' lang='lat' dir='ltr'><strong> </strong></span> 
     </span>
    </p>
   </div>
  </div>
 </body>
</html>
