3850 4867
396 308 468 381 282

397 484 610 562 nobilium:
635 484 914 591 rempublicam
928 510 1058 561 caram
1076 483 1211 580 babet,
1234 512 1360 591 neque
1372 502 1515 563 tenore
1531 510 1657 585 neque
1677 478 1784 587 gratia

398 612 614 685 removetur
630 640 639 683 z
655 608 790 685 'Aliud
821 634 910 687 vero
941 608 1111 685 amicitia
1134 624 1200 684 tua
1222 636 1268 685 ac
1291 611 1411 686 virtus
1431 625 1488 685 est
1510 608 1639 683 animi
1678 610 1789 679 Immo

399 758 488 809 vero
514 729 631 807 bomo
659 730 902 823 levissuma,
926 732 1088 838 supplex
1115 732 1298 823 inimicis,
1330 733 1461 808 amicis
1486 730 1792 813 contumeliosus,

400 853 515 930 modo
543 852 706 945 barura,
737 856 854 932 modo
884 856 1041 932 illarum
1060 855 1249 961 partium,
1273 856 1371 933 lidus
1389 857 1556 947 nemini,
1587 857 1795 933 levissumus
1867 905 1868 912 κ

400 995 567 1069 senator,
603 980 857 1055 mercenarius
880 996 1086 1085 patronus,
1111 980 1220 1055 cuias
1248 980 1357 1055 nulla
1378 1007 1466 1085 pars
1489 983 1659 1085 corporis
1681 1009 1703 1055 a
1726 999 1798 1056 tur-
1867 971 1868 1064 l

401 1101 583 1205 pitudine
599 1118 709 1183 vacat
727 1136 736 1177 :
761 1102 893 1207 lingua
912 1130 1031 1195 vana,
1055 1128 1192 1177 manus
1206 1102 1487 1206 rapacissumae‚
1505 1103 1595 1207 gula
1613 1104 1800 1194 immensa,
1867 1153 1868 1196 3

401 1224 514 1329 pedes
533 1224 699 1329 fugacem
727 1252 813 1328 quae
831 1224 989 1302 honeste
1008 1226 1201 1301 nominari
1225 1252 1307 1301 non
1327 1244 1511 1331 possunt,
1539 1226 1802 1303 inhonestissu·
1867 1213 1868 1228 ¹

403 1374 476 1423 ma.
517 1352 642 1451 Atque
662 1348 711 1440 is,
731 1374 820 1424 cum
838 1350 1025 1427 eiusmodi
1044 1352 1112 1440 sit,
1136 1366 1264 1425 tamen
1287 1350 1406 1425 audet
1422 1351 1572 1427 dicere:
1598 1353 1667 1437 “0
1687 1352 1803 1427 fortu-

404 1488 537 1547 natam
560 1488 692 1545 natam
712 1499 772 1548 me
791 1473 947 1549 consule
966 1476 1175 1549 Romaml”
1209 1477 1264 1549 Te
1288 1474 1443 1549 consule
1466 1474 1722 1566 fortunatam,
1747 1476 1803 1553 Ci-

405 1598 517 1671 cerol
543 1594 659 1670 immo
677 1622 766 1671 vero
784 1597 977 1673 infelicem
1004 1615 1044 1673 et
1064 1599 1260 1690 miseram,
1282 1622 1369 1700 quae
1395 1597 1708 1676 cmdeliseumam
1723 1626 1805 1703 pro·

408 1716 654 1820 scriptionem
682 1720 825 1794 civium
853 1746 1028 1823 perpessa
1046 1736 1118 1814 est3
1142 1748 1233 1806 cum
1260 1737 1326 1811 tu,
1350 1722 1571 1824 perturbata
1595 1724 1804 1828 republica,

407 1856 512 1915 metu
533 1840 721 1943 perculsos
745 1844 867 1917 omnis
886 1844 1005 1919 bonos
1023 1870 1157 1947 parere
1176 1844 1394 1919 crudelitati
1417 1862 1493 1919 tuae
1513 1845 1693 1949 cogebns3
1717 1876 1802 1922 cum

406 1965 537 2039 omnia
557 1963 716 2055 iudicia,
743 1990 872 2041 omnes
890 1966 986 2069 leges
1010 1965 1052 2040 in
1075 1981 1143 2041 tua
1163 1966 1339 2041 lubidine
1363 1983 1488 2057 erant,
1512 1994 1604 2044 cum
1633 1987 1695 2060 tu,
1718 1973 1803 2047 sub

408 2088 494 2162 lata¹
505 2086 584 2191 leg'c
598 2088 747 2178 Porcia,
772 2104 900 2191 erepta
922 2087 1115 2179 libertate,
1140 2089 1317 2164 omnium
1331 2107 1505 2165 nostrum
1527 2091 1614 2166 vitae
1632 2096 1806 2198 necisque

380 2238 397 2307 4
409 2226 632 2314 potestatem
654 2210 705 2285 ad
722 2226 758 2286 te
776 2236 902 2285 unum
923 2236 1166 2289 revocaveraa
1212 2216 1338 2315 Atque
1358 2240 1497 2317 parum
1523 2232 1594 2306 est,
1619 2218 1726 2319 quod
1744 2221 1808 2294 im-

408 2360 517 2437 pune
537 2332 684 2409 fecisti:
708 2356 842 2408 verum
867 2332 983 2408 etiam
1002 2336 1335 2412 commemorando
1357 2336 1581 2440 exprobras3
1606 2366 1734 2444 neque
1765 2344 1808 2417 li·

410 2474 470 2531 cet
502 2456 673 2531 oblivisci
702 2455 890 2532 seruitutis
917 2480 1002 2531 suae,
1051 2459 1201 2561 Egeris,
1225 2485 1293 2534 oro
1320 2475 1373 2549 te,
1409 2460 1559 2550 Cicero,
1581 2463 1809 2565 perfeceris,

412 2579 517 2681 quod
537 2578 667 2653 lubet:
691 2580 779 2653 satis
799 2596 870 2668 est,
892 2604 1082 2684 perpessos
1101 2604 1177 2655 esse
1197 2615 1205 2655 ε
1231 2581 1399 2657 etiamne
1425 2608 1535 2657 aures
1555 2601 1702 2661 nostras
1725 2589 1809 2664 odio

414 2702 472 2775 tui
495 2701 692 2777 onerabis?
716 2702 882 2777 etiamne
900 2703 1178 2779 molestiseumis
1197 2703 1319 2779 verbis
1338 2703 1593 2783 insectabere?
1630 2760 1648 2793 «
1664 2711 1811 2788 Cedant

413 2852 518 2898 erma
539 2841 647 2929 togae,
674 2825 859 2901 concedat
879 2823 1010 2901 laurea
1032 2826 1200 2931 lingue!
1237 2827 1359 2924 Quasi
1379 2823 1469 2905 iero
1492 2843 1658 2935 togatus,
1681 2852 1720 2908 et
1733 2865 1809 2911 non

413 2964 594 3039 armatus,
620 2974 680 3037 ea,
704 2973 790 3051 quae
816 2946 1007 3052 gloriaris,
1040 2949 1275 3041 confeceris,-
1300 2966 1416 3054 atque
1442 2952 1621 3045 interae,
1647 2957 1808 3035 Sullam-

414 3172 473 3236 inc.
484 3170 568 3231 Rem.
579 3170 641 3231 Bas.
650 3170 768 3235 Leidc.
789 3189 857 3231 ees.
868 3180 895 3232 et
909 3168 1272 3253 vrioeribuerolgneell.
1284 3168 1513 3249 Crassifame'lia
1523 3174 1585 3235 Bac
1597 3181 1807 3265 quatPopmae.

291 3296 293 3304 ·
414 3274 626 3335 omnechetii.
646 3294 684 3333 ea·
695 3270 729 3341 C.
742 3272 880 3334 Mariiox
893 3276 1181 3357 coniecturalegitur.
1202 3274 1551 3340 illusvimcamteida.
1572 3280 1635 3342 Bes·
1654 3284 1809 3350 simultates

333 3424 341 3445 .
413 3376 494 3445 leid.
505 3402 531 3439 c.
546 3378 598 3439 bc.
617 3378 794 3438 simultatem
803 3382 902 3463 vulgo.
924 3400 1016 3461 remp.
1031 3400 1137 3441 earam
1156 3379 1256 3455 idem,
1277 3388 1401 3460 quatuor
1413 3378 1516 3441 Cottii.
1531 3404 1601 3465 pop.
1617 3408 1695 3448 rom.
1713 3412 1808 3454 avam

412 3485 512 3563 vulgo.
530 3481 888 3560 gratioremoveturGud.
899 3480 958 3543 inc.
972 3487 1028 3544 Ae.
1038 3482 1136 3543 Guell‘.
1149 3482 1214 3549 Bu.
1232 3493 1429 3545 commovetur
1440 3489 1536 3553 ceteri.
1555 3489 1641 3551 alam
1655 3500 1807 3559 oeroamr'„

413 3584 490 3643 cilia
504 3596 619 3645 tantam
635 3586 779 3647 acolitus
801 3597 841 3648 est
857 3588 954 3647 animi
972 3586 1035 3647 Bas.
1056 3587 1252 3669 Oudendorp.
1274 3588 1334 3647 inc.
1353 3588 1439 3649 llem.
1458 3590 1507 3651 illi
1521 3613 1592 3657 vero
1610 3597 1747 3662 amicitia
1765 3614 1807 3665 tua

412 3708 450 3779 ac
462 3690 556 3749 virtus
568 3699 622 3750 etc.
643 3688 742 3754 Guell.
765 3691 794 3749 ei
806 3712 876 3752 vero
886 3692 1034 3753 amicitiae
1044 3700 1161 3753 lantum
1177 3710 1216 3752 ac
1227 3690 1321 3751 vr'rtus
1332 3701 1372 3751 est
1384 3692 1482 3753 anani
1497 3694 1548 3763 Ac.
1568 3720 1607 3759 ac
1621 3703 1722 3764 animi
1728 3719 1768 3767 est
1782 3727 1806 3769 re

408 3792 504 3853 ,virleu
524 3794 604 3853 Leid.
626 3815 652 3855 c.
675 3794 750 3854 illud
769 3815 838 3857 vero
861 3800 961 3879 vulgo.
983 3807 1012 3856 et
1025 3795 1522 3878 murramnorudetaswmmqu
1540 3801 1637 3864 Guelf.
1660 3815 1804 3895 proscrip-

412 3896 520 3956 tionem
534 3897 648 3963 cisium,
662 3898 769 3961 civium
790 3900 990 3965 om.1eid.c.
1011 3902 1070 3958 inc.
1092 3898 1188 3958 Guelf.
1207 3898 1259 3962 Ac.
1274 3918 1398 3979 putam
1416 3898 1664 3975 llas.llem.Gud.
1679 3919 1804 3979 omnum
1867 3899 1868 3946 3

412 4011 580 4062 nostrornm
594 4002 663 4061 vita
682 4002 761 4069 Gud.
781 4001 832 4063 Ac.
854 4004 942 4062 ilem.
957 4040 1004 4055 -
1021 4001 1094 4084 Cap.
1106 4016 1138 4075 4.
1155 4002 1238 4081 atqui
1249 4024 1358 4084 patrem
1377 4006 1460 4066 leid.
1482 4030 1511 4077 a.
1526 4032 1636 4091 parum
1656 4022 1740 4097 qrrod
1755 4022 1804 4082 im·
1867 3989 1868 3992 Ἴ

408 4128 486 4189 pierre
505 4106 569 4167 Bas..
586 4106 715 4175 oblivisci
730 4106 787 4167 lu'a's
805 4108 885 4167 Leid.
901 4130 927 4167 a.
949 4109 1007 4173 inc.
1029 4108 1075 4168 ha
1090 4107 1146 4172 obl.
1167 4106 1247 4166 Gud.
1268 4108 1324 4167 obl.
1337 4109 1394 4188 pir‘s
1412 4114 1473 4171 alii.
1494 4134 1584 4195 raeque
1605 4119 1652 4184 his
1670 4123 1740 4187 lias
1757 4127 1799 4188 Ac,

409 4212 551 4277 servitutis
568 4222 624 4271 tace
638 4210 734 4270 Gueli.
755 4212 889 4272 onerabis
906 4212 977 4298 odio
990 4221 1039 4271 tuo
1056 4210 1136 4275 cod.
1145 4210 1285 4271 Oudend.
1305 4232 1390 4273 aura
1405 4223 1470 4277 tuas
1485 4219 1557 4281 odio
1576 4226 1797 4299 saraballam.
1867 4217 1868 4224 ἵ
