3850 4867
1548 331 1589 407 17

187 509 265 586 que
298 485 469 561 alienum
496 511 544 563 aes
568 485 711 590 grande
741 484 991 578 conflaverat,
1015 511 1092 590 quo
1124 484 1331 591 flagitium,
1355 499 1426 563 aut
1441 481 1591 564 faciunt

190 607 413 705 redimeret3
436 627 616 714 praeterea
641 635 769 685 omnes
786 611 960 715 undique
980 611 1197 716 parricidae,
1221 610 1409 716 sacrilegi,
1425 608 1590 689 convicti

190 729 359 824 iudiciis,
384 750 453 810 aut
475 761 546 840 pro
572 735 680 811 sactis
702 733 892 810 iudicium
922 734 1113 830 timentem
1146 734 1197 811 ad
1218 731 1310 826 boc,
1335 716 1430 837 quoe
1451 757 1590 811 manue

189 868 307 958 atque
318 856 465 962 lingua,
483 859 654 963 periurio
668 873 736 936 aut
751 857 936 964 sanguine
951 857 1055 934 civili
1073 858 1214 953 alebat,
1238 874 1427 962 postremo
1442 882 1589 950 omnes,

188 1003 284 1080 quea
306 977 518 1086 flagitium,
541 972 700 1087 egestas,
719 983 890 1061 conscius
909 983 1061 1058 animus
1077 983 1313 1088 exagitabat:
1338 981 1382 1057 bi
1402 981 1590 1060 Catilinae

186 1103 366 1206 proxumi
384 1103 666 1209 familiaresque
684 1123 803 1183 erant.
842 1107 989 1204 Quodsi
1020 1106 1106 1210 quia
1131 1107 1247 1182 etiam
1263 1133 1286 1180 a
1309 1105 1425 1210 culpa
1447 1128 1591 1182 vacuus

189 1223 233 1300 in
252 1225 461 1302 amicitiam
485 1230 564 1304 eius
583 1229 798 1321 inciderat,
822 1229 1015 1305 cotidiano
1038 1256 1111 1304 usu
1138 1245 1254 1332 atque
1271 1228 1457 1304 illeoebris
1476 1227 1590 1305 facile

189 1373 262 1453 par
276 1350 486 1454 similisque
505 1353 635 1428 ceteris
651 1354 891 1430 efficiebatur.
931 1354 1005 1429 Sed
1023 1379 1200 1428 maxume
1214 1350 1517 1428 adulescentium
1533 1351 1590 1426 fa-

189 1473 427 1550 miliaritates
447 1475 670 1581 adpetebat:
696 1505 829 1554 eorum
860 1478 982 1552 animi
1001 1478 1134 1552 molles
1154 1493 1194 1552 et
1219 1491 1343 1552 aetate
1362 1475 1460 1552 fluxi
1492 1473 1591 1552 doliu

188 1592 296 1672 haud
312 1598 515 1675 difficulter
536 1601 795 1706 capiebantur.
820 1603 917 1678 Nam
941 1617 988 1676 ut
1008 1602 1194 1704 cuituque
1211 1600 1384 1676 studium
1399 1627 1446 1676 ex
1461 1615 1587 1677 aetate

176 1717 393 1825 flagrabat,
418 1723 502 1798 aliis
522 1741 643 1800 scorta
658 1727 857 1831 praebere,
882 1725 967 1801 aliia
984 1751 1096 1824 canae
1121 1741 1238 1827 atque
1254 1749 1372 1828 equus
1399 1722 1562 1800 mercari
1574 1756 1586 1819 3

186 1860 519 1950 postremoneque
542 1851 706 1942 summi,
733 1877 859 1953 neque
874 1849 1066 1926 modestia
1089 1873 1168 1924 auae
1188 1873 1359 1952 pareere,
1383 1846 1486 1944 dum:
1503 1848 1590 1925 illos

186 1967 369 2047 obnoxios
380 1969 549 2076 fidosque
559 1972 631 2047 sibi
651 1973 799 2049 faceret
836 1973 937 2065 Scio,
957 1973 1070 2048 fuisse
1085 1972 1314 2062 nonnullos,
1338 1970 1407 2075 qui
1426 1971 1480 2046 ita
1494 1970 1590 2048 exis·

186 2107 397 2186 tumerent,
411 2096 664 2186 iuventutem,
680 2123 766 2200 quae
780 2098 939 2174 domum
957 2095 1132 2174 Catilinae
1147 2093 1432 2198 frequentabat,
1447 2118 1588 2200 parum

183 2309 272 2350 orum
294 2301 380 2373 atque
393 2292 581 2369 sucinorum.
607 2291 669 2352 Bas.
684 2313 710 2353 ι.
737 2289 820 2352 leid.
835 2295 856 2353 l.
879 2293 963 2352 Paris.
974 2313 1002 2352 a.
1015 2313 1041 2353 e.
1060 2289 1091 2350 d.
1112 2292 1246 2352 melioret
1263 2290 1381 2353 Gruteri
1399 2297 1429 2353 et
1450 2289 1588 2353 Glareani

185 2392 367 2478 codamag.
386 2398 524 2460 uara.
545 2397 578 2455 u.
591 2396 663 2456 eat.
679 2417 720 2455 m,
734 2419 780 2479 pr.
801 2399 897 2456 euers.
910 2399 938 2458 ι.
949 2397 979 2470 ι.
988 2399 1016 2457 5.
1036 2382 1121 2457 aaa.
1137 2418 1165 2457 2.
1181 2397 1249 2457 san.
1265 2417 1291 2457 1.
1305 2397 1391 2457 eur.
1410 2407 1476 2458 ...ι
1492 2415 1587 2478 apa>

184 2501 264 2562 varia
280 2503 414 2564 lectione.
435 2523 543 2574 manu,
556 2511 766 2584 ventre‚pene.
787 2505 827 2562 ita
840 2503 908 2562 Nar.
924 2501 1070 2562 Commel.
1086 2502 1171 2562 l’an'a.
1183 2502 1213 2562 d.
1227 2501 1297 2585 Τις.
1317 2503 1405 2564 Palat.
1417 2525 1446 2566 a·
1456 2503 1486 2564 ὅ.
1499 2502 1587 2566 Febr.

183 2615 279 2686 uterq.
298 2606 366 2666 Seu.
379 2618 473 2690 uterq.
494 2606 590 2669 Guell.
604 2628 631 2668 a.
647 2608 675 2674 5.
696 2607 745 2669 aad
758 2611 846 2690 longe
859 2608 981 2689 plurimi
997 2607 1063 2669 ulcu
1082 2607 1199 2667 addunt
1211 2609 1258 2670 vel
1272 2617 1358 2681 aute,
1369 2611 1417 2670 vel
1433 2617 1502 2691 poet
1519 2627 1589 2672 ma·

183 2728 236 2773 nu.
256 2710 322 2770 alae
337 2731 429 2772 manu
444 2712 563 2772 Leida.
575 2712 605 2771 b.
621 2713 688 2772 ud.
701 2716 797 2796 αἱς.
814 2713 845 2773 Ιι.
860 2716 888 2774 Ιι.
903 2735 985 2774 mn.
1011 2714 1099 2774 Palat.
1119 2734 1165 2774 ιι.
1186 2732 1233 2772 12.
1265 2711 1363 2773 Guell.
1383 2734 1408 2772 ι.
1436 2713 1538 2776 vina.
1560 2734 1588 2774 1.

186 2813 323 2875 Glareani
342 2827 371 2877 et
384 2829 439 2878 tres
456 2817 582 2879 Putechii
600 2831 720 2900 maerpt.
739 2817 891 2878 Thosauue
906 2819 1040 2879 Palmerii
1059 2818 1146 2877 Paria.
1161 2815 1191 2874 b.
1209 2837 1237 2876 e.
1256 2837 1282 2875 e.
1310 2815 1380 2876 Tur.
1402 2837 1429 2877 a.
1455 2817 1587 2880 temet.

183 2922 836 3000 m.uv.p.Palat.10.Erl.manualeuoe.
863 2922 1209 3001 beataemariae,
1232 2931 1394 2982 menuete.
1413 2921 1536 2982 Pariaa.
1555 2941 1587 2984 a.
1649 2949 1652 2954 ·

183 3046 225 3085 m.
236 3047 267 3106 p.
281 3047 310 3086 v.
330 3025 414 3086 Bam.
433 3050 458 3088 1.
475 3049 506 3108 p.
520 3049 549 3087 a.
563 3051 603 3087 m.
617 3028 637 3087 l.
656 3027 741 3089 Bern.
757 3047 784 3088 a.
812 3047 919 3098 manu,
937 3036 1059 3098 verttre,
1084 3026 1168 3096 ntea,
1185 3043 1270 3104 pene.
1296 3023 1360 3086 Bas.
1374 3025 1446 3096 Μ.
1465 3024 1535 3091 Vua.
1556 3046 1587 3090 a.

183 3151 225 3188 m.
240 3151 270 3191 v.
277 3153 308 3212 p.
320 3151 350 3190 a.
370 3132 458 3194 tatae
471 3133 500 3204 d.
519 3153 614 3211 ganeo
628 3143 656 3192 et
665 3133 731 3192 ulcu
746 3133 858 3193 omittit
867 3131 949 3191 Leid.
962 3133 985 3190 l.
1005 3150 1098 3191 meatu
1112 3132 1209 3189 omitt.
1228 3129 1313 3188 Rem.
1330 3149 1358 3190 a.
1385 3129 1504 3193 adata
1519 3130 1587 3190 alea

181 3253 296 3314 guttae.
318 3235 404 3296 Palat.
421 3237 449 3295 5.
479 3237 547 3296 alea
565 3248 699 3317 preterea
712 3237 853 3311 retinent,
873 3235 924 3296 aed
942 3237 1059 3309 neseio,
1081 3255 1141 3316 quo
1160 3238 1247 3309 loeo,
1268 3232 1364 3295 Guell.
1386 3233 1415 3295 ὅ.
1427 3232 1458 3305 d.
1470 3233 1501 3294 6.
1514 3255 1543 3315 7.
1554 3235 1585 3296 8.

181 3360 213 3422 9.
228 3359 274 3400 ιο.
292 3360 337 3399 ιι.
352 3360 398 3401 aa.
428 3341 525 3402 Strur.
551 3340 641 3402 lead.
661 3339 746 3401 llam.
765 3361 791 3400 ι.
821 3339 941 3400 Eemrd.
968 3339 1004 3398 bi
1022 3335 1170 3398 Cuttiae.
1197 3339 1260 3398 aaa
1285 3359 1311 3397 r.
1339 3337 1410 3398 Tur.
1427 3358 1453 3397 ι.
1477 3357 1505 3398 a.
1531 3337 1585 3398 hit

181 3443 245 3506 Ba.
258 3465 286 3505 a.
307 3443 351 3528 ty
371 3464 471 3506 omnes
489 3444 551 3504 Ba.
562 3450 590 3509 3.
611 3445 665 3506 tut.
684 3445 784 3518 ΒΜ.
805 3445 839 3506 hi
850 3463 959 3505 omnes.
979 3443 1038 3503 Erl.
1058 3442 1296 3504 adducentium.
1316 3442 1387 3503 Tur.
1405 3460 1433 3503 a.
1452 3441 1539 3504 Bem.
1558 3464 1586 3504 ι.

170 3548 344 3632 eotidiunu
363 3547 448 3610 Bern.
459 3548 489 3610 ὅ.
509 3548 568 3608 Erl.
589 3547 657 3610 Tur.
670 3570 697 3609 1.
716 3549 821 3612 eottid
841 3548 941 3608 molkt
954 3555 1041 3608 atate
1053 3546 1181 3625 etfltsi.
1201 3546 1263 3608 Bae.
1278 3568 1304 3608 1.
1324 3566 1452 3628 namque
1461 3556 1494 3608 ut
1504 3543 1587 3612 euius

181 3653 304 3716 Laid-a.
323 3653 385 3714 Bae.
404 3675 429 3714 ι.
449 3663 482 3712 ut
495 3673 598 3714 omnes
611 3653 673 3714 Bet.
690 3664 719 3715 et
732 3654 815 3714 Laid.
833 3653 903 3714 Tur.
922 3675 948 3712 1.
966 3673 992 3712 a.
1011 3651 1097 3712 Beru.
1115 3671 1143 3711 a.
1163 3651 1311 3715 madata
1326 3671 1460 3734 parcere.
1479 3652 1584 3714 tant.

185 3758 305 3820 Corum.
315 3761 453 3839 fidosque
469 3757 532 3820 ubi.
552 3759 633 3819 teia.
642 3780 669 3818 a.
681 3757 712 3818 b.
723 3759 753 3819 d.
765 3759 786 3818 f.
798 3779 826 3842 g.
840 3759 869 3818 k.
882 3761 1014 3818 lomnes
1026 3756 1089 3816 Bat.
1103 3757 1165 3816 tta.
1188 3756 1260 3818 Tur.
1280 3778 1306 3818 1.
1318 3778 1349 3819 a.
1360 3757 1459 3819 *Beria
1471 3779 1497 3817 1.
1509 3778 1536 3819 a.
1550 3757 1587 3819 5.

179 3866 213 3926 in
227 3864 310 3926 Laid.
327 3862 359 3924 h.
374 3865 395 3924 i.
414 3862 470 3924 eibi
480 3867 579 3925 locum
596 3874 701 3924 mutat.
720 3863 939 3924 autumarent
960 3858 1023 3922 Bas.
1037 3885 1063 3924 1.
1083 3882 1187 3928 omnes
1196 3862 1278 3923 laeid.
1290 3872 1320 3924 et
1335 3863 1469 3927 melioret
1479 3861 1589 3946 Curtii·

179 3968 250 4032 Tur.
265 3951 294 4029 ι.
305 3989 332 4030 a.
343 3969 429 4030 Rem.
440 3991 465 4029 1.
477 3988 504 4035 a.
516 3977 713 4030 mammetem.
727 3966 812 4030 Febr.
823 3979 917 4050 uterq.
930 3968 998 4028 Sen.
1012 3978 1107 4049 uterq.
1115 3969 1214 4030 ileum.
1222 3966 1311 4030 aad.
1322 3966 1414 4029 Guell
1422 3988 1451 4029 a.
1461 3967 1491 4041 d.
1504 3969 1585 4049 qued

182 4077 319 4138 retinent.
338 4074 401 4137 baa.
416 4096 443 4136 1.
462 4074 544 4136 Laid.
560 4053 631 4138 eb.
647 4074 677 4136 d.
696 4095 722 4137 e.
736 4075 757 4136 l.
771 4096 801 4158 g.
815 4072 846 4135 b.
859 4094 891 4136 u.
903 4074 972 4136 Seu.
990 4093 1019 4136 a.
1040 4071 1136 4136 Guelf.
1153 4094 1179 4134 ι.
1192 4072 1223 4133 3.
1243 4071 1319 4134 Parit
1331 4093 1359 4141 a.
1372 4093 1401 4137 e.
1421 4075 1502 4155 quad
1517 4072 1584 4137 etti·

1196 4227 1219 4301 5
