3850 4867
398 327 449 410 92

400 488 529 594 pluras
547 489 802 572 Adherbalem
823 507 1064 600 sequuntur,
1083 496 1151 575 aad
1172 495 1286 573 illum
1312 484 1476 573 altarum
1496 493 1599 572 bello
1614 489 1792 569 meliorat

399 614 851 738 Igiturlugurthaquam
866 622 1063 698 maxumas
1082 635 1206 724 potest
1217 619 1344 726 copias
1359 637 1504 696 armat:
1528 619 1640 694 urbas
1655 613 1795 720 partim

329 827 334 837 ,
398 739 459 832 Vi,
475 740 567 824 alias
583 739 781 822 voluntate
795 742 955 848 imperio
973 767 1043 819 sno
1059 743 1255 848 adiungit:
1282 743 1388 818 omni
1402 742 1594 818 Numidia
1610 740 1794 844 imperare

172 879 175 886 ’
280 907 283 913 ’
398 880 517 968 Parit·
556 863 777 958 Adherbal,
794 882 922 942 tamen
937 865 1007 942 etsi
1024 868 1185 946 Romam
1198 866 1338 971 legatos
1349 857 1606 968 miserathui
1622 878 1795 939 senatum

398 985 579 1062 docerent
596 986 643 1064 dc
662 987 905 1066 caedelratris
921 1005 960 1064 et
977 988 1144 1066 fortunis
1159 989 1255 1084 suis3
1281 1006 1408 1065 umen
1440 989 1557 1064 frctus
1581 984 1796 1062 multitudi-

398 1135 448 1200 no
465 1110 654 1202 militum,
672 1111 831 1214 parabat
850 1112 965 1191 armis
985 1113 1223 1189 contendere„
1272 1113 1346 1188 Sed
1371 1113 1439 1188 uhi
1461 1139 1518 1188 ros
1538 1110 1589 1187 ad
1605 1127 1795 1187 certamen

398 1235 519 1326 venit,
540 1235 661 1311 victus
677 1262 724 1312 ox
742 1235 874 1340 proelio
894 1235 1066 1341 profugit
1084 1237 1127 1310 in
1145 1236 1384 1340 provinciam
1408 1263 1454 1311 ac
1479 1234 1617 1311 deinde
1638 1236 1796 1311 Romam

398 1358 605 1436 contendit
654 1362 755 1436 Tum
783 1358 970 1464 Iugurtha
1000 1361 1159 1464 patratis
1189 1359 1373 1450 consiliis,
1412 1359 1644 1463 (postquam
1674 1357 1795 1436 omnis

397 1482 586 1568 Numidiae
606 1483 849 1586 potiebatur)
878 1483 919 1558 in
943 1483 1021 1558 otio
1040 1482 1189 1559 facinus
1207 1509 1321 1558 suum
1341 1510 1431 1558 cum
1451 1477 1581 1558 animo
1599 1499 1795 1587 ruputans,

399 1606 531 1684 timere
550 1606 741 1710 populum
763 1609 982 1682 Romanum
1005 1632 1130 1709 neque
1166 1605 1344 1683 advorsus
1371 1607 1469 1683 iram
1498 1607 1578 1689 eitra
1608 1633 1796 1711 usquam,

399 1731 473 1808 nisi
497 1731 538 1806 in
566 1730 721 1808 avaritia
744 1729 955 1809 nobilitatis
978 1745 1016 1805 et
1048 1729 1211 1834 pecunia
1233 1755 1302 1806 sua
1327 1757 1432 1834 spem
1467 1730 1616 1807 habeta
1666 1734 1796 1831 Itaque

397 1853 529 1961 paucis
550 1854 683 1932 diebus
705 1881 909 1932 cumauro
935 1870 975 1930 et
996 1859 1152 1959 argento
1170 1854 1293 1930 multo
1313 1851 1474 1932 Romam
1495 1856 1636 1960 legatos
1658 1852 1793 1937 mittit,

398 1980 483 2084 quis
505 1981 708 2084 praecepit,
732 1979 903 2086 primum
936 1976 996 2052 uti
1019 1995 1158 2054 vetares
1182 1978 1321 2055 amicos
1346 1980 1570 2055 muneribus
1596 1979 1789 2084 expleant:

398 2103 537 2182 deinde
556 2129 672 2180 novos
691 2105 917 2207 acquirant:
941 2118 1130 2206 postiurno
1150 2127 1405 2206 quaecumque
1425 2105 1570 2208 possint
1595 2105 1793 2211 largiundo

397 2256 531 2335 parare
568 2255 618 2304 ne
655 2241 893 2306 cunctentur.
944 2227 1017 2302 Sed
1053 2225 1123 2302 ubi
1166 2227 1327 2302 Romam
1367 2227 1481 2334 legati
1514 2219 1650 2306 venare
1681 2247 1722 2306 et
1753 2256 1794 2303 ex

397 2369 586 2460 praecepto
609 2341 715 2458 regis*
734 2349 947 2456 hospitibus
970 2351 1154 2455 aliisquo,
1178 2378 1346 2455 quorum
1373 2377 1416 2426 ea
1440 2367 1658 2456 tempestate
1681 2355 1724 2428 in
1744 2379 1793 2428 so

398 2493 494 2552 natu
513 2476 716 2552 auctoritas
739 2475 929 2584 pollebat,
950 2502 1087 2586 magna
1113 2503 1273 2558 munera
1303 2476 1455 2570 misere3
1494 2492 1600 2557 tanta
1626 2504 1793 2555 commu·

401 2600 493 2675 tatio
515 2599 685 2691 incessit,
709 2600 769 2676 uti
784 2625 830 2682 ex
852 2627 1031 2680 maxuma
1050 2599 1195 2676 invidia
1218 2601 1259 2676 in
1277 2601 1437 2706 gratiam
1453 2616 1491 2676 et
1505 2599 1670 2678 favorem
1688 2601 1794 2681 nobi·

401 2820 430 2863 a.
446 2800 474 2860 6.
488 2821 518 2880 9.
539 2810 708 2882 copporat.
730 2800 814 2861 Rem.
829 2821 855 2862 ι.
875 2801 971 2860 incr.
991 2799 1087 2862 Strur.
1109 2800 1208 2862 Gualf.
1229 2820 1274 2859 ιι.
1301 2800 1362 2861 ΕιΙ.
1390 2801 1472 2862 Laid.
1485 2823 1546 2862 ce.
1562 2804 1583 2864 l.
1605 2802 1726 2863 Merscb.
1745 2802 1794 2861 lli·

400 2907 450 2967 vli.
471 2907 647 2970 trcsWassii.
667 2906 728 2966 duo
743 2906 858 2986 Popmae
874 2903 951 2964 libn'.
972 2904 1034 2963 Bas.
1053 2903 1081 2974 4.
1099 2914 1189 2985 parat
1205 2913 1304 2964 armat
1323 2903 1420 2971 Guelf.
1436 2911 1463 2970 3.
1491 2907 1522 2965 B.
1536 2907 1608 2969 Pub.
1634 2906 1795 2969 tamenetsi

399 3005 465 3073 Ecc.
487 3011 576 3074 Marc.
589 3025 620 3078 r.
641 3012 755 3072 camasi
774 3011 869 3072 ceteri.
889 3011 926 3068 dc
937 3010 1089 3088 neccsrot.
1109 3007 1170 3069 Bas.
1187 3009 1215 3080 4.
1235 3010 1315 3070 Vrat.
1332 3029 1356 3069 1.
1368 3011 1434 3069 Sen.
1448 3031 1474 3071 ι.
1496 3011 1594 3072 Heuss.
1615 3013 1708 3073 orbius
1720 3032 1794 3093 pro’·

399 3117 439 3178 lio
459 3117 538 3178 Leid.
553 3139 580 3177 a.
602 3115 762 3181 Gucls.1r.
788 3115 858 3174 vict.
873 3113 950 3174 enim
967 3135 1015 3193 pr.
1035 3113 1098 3178 Bas.
1109 3114 1137 3184 4.
1161 3113 1266 3193 praelio
1276 3112 1363 3192 sugit
1381 3114 1450 3174 vin.
1466 3136 1492 3175 a.
1524 3117 1623 3175 Heuss.
1644 3115 1756 3178 Vratisl.
1767 3135 1791 3174 a.

399 3221 495 3284 Gucll.
509 3222 537 3294 4·.
557 3213 624 3286 sen.
636 3227 663 3281 ι’.
685 3219 793 3281 debinc
802 3217 889 3284 Rom.
910 3219 950 3278 sic
963 3217 1029 3278 ttiv.
1041 3239 1075 3277 ex
1090 3217 1340 3279 vetustcoufirm.
1354 3217 1414 3277 duo
1428 3217 1525 3278 Gncll.
1545 3239 1583 3279 oc
1593 3241 1657 3284 οιιι.
1674 3221 1756 3282 Bern.
1768 3225 1790 3282 3.

399 3329 493 3390 tondit
512 3327 597 3388 Bern.
615 3349 641 3388 ι.
662 3337 733 3386 tunc
760 3325 844 3388 Bern.
860 3345 885 3383 1.
906 3321 1006 3394 Βιι.4.
1034 3332 1145 3403 patrat.
1167 3342 1246 3382 cons.
1264 3322 1379 3403 paratis
1406 3326 1465 3384 inc.
1485 3344 1513 3390 a.
1539 3325 1635 3385 Sonat.
1656 3347 1682 3386 ι.
1704 3345 1790 3405 nupt.

400 3432 498 3492 Guell.
518 3453 543 3490 1.
554 3432 583 3492 3.
595 3431 623 3502 4.
636 3431 662 3496 5.
674 3431 702 3494 6.
715 3451 744 3511 9.
762 3450 807 3489 ιο.
823 3449 868 3486 ιι.
890 3427 969 3493 Leid.
993 3430 1013 3488 l.
1032 3427 1159 3507 peractis
1177 3429 1290 3507 aliquot
1302 3428 1388 3489 llivii.
1412 3439 1564 3509 postquam
1580 3431 1677 3490 omnis
1690 3429 1791 3490 Numi·

400 3537 458 3596 dice
473 3533 645 3614 potiebatur.
667 3538 705 3595 ita
718 3534 779 3591 Bas.
792 3551 817 3591 1.
838 3529 935 3596 Guels.
946 3533 974 3592 6.
995 3530 1080 3596 Fabr.
1094 3552 1118 3590 1.
1140 3553 1181 3590 m.
1191 3552 1238 3611 pr.
1265 3531 1345 3595 Leid.
1361 3533 1388 3590 k.
1409 3534 1494 3592 omni
1502 3533 1648 3594 Numidrb
1667 3535 1789 3617 plurimi.

401 3637 516 3700 Cortius
532 3649 626 3698 totum
646 3636 727 3696 hunc
742 3640 839 3695 locum
853 3654 908 3715 pro
922 3640 1011 3716 glossa
1030 3633 1143 3694 habuit.
1156 3637 1282 3713 facinus
1297 3658 1364 3698 cum
1376 3637 1477 3698 αιιὶιιιο
1488 3659 1540 3699 suo
1559 3640 1634 3715 Tur„
1647 3650 1713 3720 post
1723 3658 1791 3719 pou·

400 3744 441 3818 tt‘s
454 3743 528 3805 diet.
549 3741 671 3806 Vtatl.
693 3741 789 3804 Guell.
803 3739 831 3810 4.
850 3759 895 3799 ιι.
915 3739 996 3797 Laid.
1006 3737 1037 3798 h.
1065 3765 1096 3822 p.
1116 3743 1148 3799 d.
1158 3751 1232 3821 post.
1253 3742 1340 3801 Rem·
1355 3763 1379 3808 1.
1400 3724 1503 3803 incert.
1520 3765 1545 3804 ι.
1566 3742 1789 3826 (ἱιιοΙΐ.ἰ.9.ιο.

397 3871 427 3930 p.
440 3870 470 3929 p.
486 3850 518 3907 d.
540 3847 662 3908 teian
681 3844 749 3905 Tur.
772 3845 880 3923 lagatos
893 3863 953 3901 om.
976 3845 1072 3906 Strur.
1091 3857 1120 3906 ot
1136 3844 1216 3906 Cort
1239 3846 1300 3924 quas
1320 3847 1381 3911 Bas.
1395 3870 1419 3906 ι.
1432 3847 1461 3918 4.
1481 3848 1594 3910 Fabric.
1614 3851 1683 3912 Vin.
1697 3873 1725 3910 ι.
1744 3850 1788 3907 Se·

400 3963 460 4014 nat.
482 3949 569 4012 lead.
592 3951 669 4012 nivii
688 3949 765 4012 libri.
786 3947 855 4008 Tur.
876 3949 934 4007 inc.
958 3949 1057 4010 Heuss.
1077 3951 1172 4013 Strnv.
1200 3950 1281 4012 Vrat.
1297 3973 1322 4011 ι.
1335 3951 1363 4012 3.
1391 3953 1460 4014 Eoo.
1487 3938 1584 4016 Guett
1601 3977 1626 4013 ι.
1644 3975 1672 4015 ι.
1686 3935 1714 4027 4.
1729 3953 1787 4019 5.6.

401 4081 430 4142 7.
458 4078 504 4118 ro.
519 4077 563 4116 ιι.
582 4056 718 4136 proecapit
738 4053 850 4114 Fabric.
871 4053 970 4114 Vinar.
985 4073 1012 4119 a.
1034 4054 1094 4115 ino.
1110 4075 1136 4114 ι.
1156 4054 1637 4125 vmtnt.1.st1uv.1tivttcodd.
1657 4059 1719 4121 Bas.
1734 4082 1755 4120 ι.
1764 4059 1786 4126 4·

399 4163 496 4234 Turia.
516 4161 600 4222 bern.
615 4179 640 4220 1.
661 4161 764 4220 Franc.
792 4157 890 4220 llcuss.
911 4156 1007 4218 Guell.
1022 4159 1051 4231 4.
1068 4160 1096 4224 6.
1106 4181 1135 4240 7.
1152 4180 1198 4220 ιι.
1227 4159 1347 4221 teian
1362 4183 1388 4228 c.
1399 4163 1429 4222 d.
1441 4187 1469 4246 g.
1481 4163 1512 4224 h.
1526 4167 1545 4224 i.
1558 4165 1586 4230 l.
1601 4187 1641 4231 m.
1667 4161 1788 4249 proeciptl

400 4269 495 4344 ceteri.
512 4289 544 4350 pr
552 4267 643 4330 imum
656 4265 701 4326 uti
720 4267 778 4326 inc.
794 4285 818 4330 ι.
839 4263 905 4324 Son.
918 4285 943 4330 ι.
963 4262 1079 4326 Fabric.
1094 4282 1124 4328 ι.
1141 4263 1237 4327 Gnels.
1252 4288 1278 4329 ι.
1296 4287 1326 4330 ι.
1341 4267 1369 4329 5.
1384 4289 1416 4353 9.
1434 4268 1515 4330 Laid.
1529 4271 1549 4336 l.
1572 4270 1634 4352 (ssd
1644 4270 1668 4332 is
1680 4271 1726 4352 ut)
1739 4270 1786 4330 duo
