3850 4867
1531 351 1587 430 81¹
1702 429 1706 434 ⁸

179 521 279 599 Nam
297 526 335 602 vi
369 525 525 629 quidem
556 551 684 633 regere
705 525 871 632 patriam
898 541 968 604 aut
990 538 1164 633 parentes
1184 549 1420 632 quamquam
1437 544 1475 604 et
1498 553 1583 633 pos-

175 645 226 724 sis
251 664 290 726 et
314 649 452 727 delicta
483 651 665 758 corrigas,
689 667 818 728 tamen
839 651 1107 757 importunum
1125 667 1206 728 est:
1229 680 1352 756 quum
1371 653 1581 758 prasertim

176 798 306 849 omnes
324 802 453 850 rerum
473 775 702 852 mutationes
719 775 878 866 oaedern‚
903 777 1052 880 fugam,
1077 776 1228 881 aliaque
1248 773 1401 853 hostilia
1427 794 1582 883 porten-

175 897 292 993 dant3
326 899 466 978 frustra
491 917 621 976 autem
645 900 737 989 niti,
775 926 900 1003 neque
923 900 1030 974 aliud
1062 926 1100 976 se
1130 900 1325 1006 fatigando
1348 902 1423 977 nisi
1451 902 1608 1000 odium,

173 1045 366 1125 quaerere,
383 1015 574 1100 'extremae
601 1023 800 1100 dementiae
829 1039 910 1116 est3
945 1023 1019 1098 nisi
1044 1022 1141 1099 forte
1167 1051 1283 1127 quem
1309 1023 1508 1101 inhonesta
1537 1042 1576 1101 et

170 1148 384 1250 perniciosa
406 1149 540 1224 lubido
562 1165 684 1235 tenet,
709 1146 888 1250 potentiae
911 1172 1125 1250 paucorum
1147 1147 1260 1223 decus
1281 1164 1396 1251 atque
1422 1148 1574 1224 liberta-

171 1287 250 1346 tem
269 1299 377 1348 suam
401 1273 613 1379 gratificari.
653 1274 829 1346 Ceterum
846 1297 892 1346 ex
915 1271 999 1347 aliis
1022 1272 1197 1375 negotiis,
1222 1298 1309 1374 quae
1333 1273 1486 1377 ingenio
1511 1276 1603 1347 err-l

144 1415 370 1488 eruentur,
396 1399 437 1472 in
472 1395 605 1502 primis
630 1421 769 1499 magno
798 1394 885 1470 usui
908 1410 964 1470 est
993 1395 1176 1470 memoria
1201 1423 1331 1470 rerum
1361 1412 1573 1500 gestarum:

169 1521 281 1596 cuius
299 1521 347 1598 de
363 1523 504 1598 virtute
525 1520 617 1624 quia
633 1519 747 1593 multi
766 1517 912 1608 dixere,
927 1517 1239 1622 praetereundum
1254 1533 1350 1623 puto
1357 1550 1368 1612 3
1390 1518 1505 1594 simul
1525 1503 1574 1595 ne

167 1671 240 1748 per
259 1644 501 1721 insolentiam
522 1644 608 1748 quis
636 1644 854 1733 existumet,
889 1660 1029 1718 memet
1055 1641 1227 1718 studium
1253 1669 1384 1718 meum
1409 1642 1571 1719 laudan-

167 1769 220 1844 do
241 1770 427 1846 extollere.
460 1773 588 1871 Atque
602 1791 670 1872 ego
688 1766 800 1842 credo
821 1767 920 1858 lore,
944 1767 1027 1869 qui,
1046 1766 1138 1869 quia
1153 1767 1299 1842 decrevi
1319 1766 1456 1870 procul
1476 1795 1498 1842 a
1514 1795 1574 1843 re-

167 1892 325 1998 publica
349 1908 500 1967 oetatem
525 1917 654 1996 agere,
680 1907 787 1966 tanto
813 1907 968 1992 tamque
984 1890 1072 1964 utili
1102 1890 1226 1965 labori
1247 1918 1330 1966 meo
1353 1917 1494 1968 nomen
1513 1892 1572 1966 in-

165 2017 273 2094 ertiae
301 2018 530 2107 imponant:
555 2031 680 2104 certe‚·
699 2015 840 2118 quibus
865 2041 1045 2089 maxuma
1072 2013 1261 2092 industria
1289 2006 1444 2090 ridetur
1468 2014 1569 2090 salu-

131 2141 135 2146 ’
167 2160 249 2218 tare
274 2141 425 2246 plebem
450 2156 489 2215 et
511 2139 690 2214 conviviis
709 2139 870 2244 gratiam
894 2163 1072 2240 quaerere
1120 2138 1200 2237 Qui
1226 2140 1258 2215 si
1286 2139 1567 2245 reputaverint,

163 2283 204 2344 et
223 2266 361 2369 quibus
377 2291 446 2370 ego
467 2263 701 2368 temporibus
727 2263 966 2367 magistratus
986 2261 1146 2367 adeptus
1166 2264 1257 2356 sim,
1281 2281 1321 2342 et
1341 2264 1471 2367 quales
1493 2264 1567 2340 viri
1673 2291 1677 2296 ’

166 2392 269 2467 idem
295 2389 452 2492 adsequi
485 2387 750 2490 nequiverint,
782 2402 821 2461 et
847 2401 976 2490 postea
1002 2411 1088 2489 quae
1117 2414 1253 2493 genera
1291 2385 1496 2467 bominum
1522 2389 1565 2466 in

162 2531 338 2594 senatum
360 2513 623 2618 pervenerint3
658 2509 828 2616 prolecto
852 2508 1155 2603 existumabunt,
1189 2539 1251 2588 me
1279 2514 1397 2619 magis
1429 2515 1564 2591 merito

162 2667 283 2745 quam
293 2637 442 2744 ignavia
450 2693 459 2728 ‚
468 2635 656 2712 iudicium
668 2633 788 2748 animi
796 2632 870 2708 mei
882 2633 1100 2726 mutavisse,
1114 2637 1312 2742 maiusque
1321 2638 1566 2716 commodum

162 2841 225 2882 om.
248 2819 345 2880 Gnell.
359 2841 388 2900 9.
408 2817 490 2879 Leid.
506 2819 527 2877 i.
557 2817 716 2878 inVratisl.
745 2817 844 2875 locum
861 2824 965 2875 murat.
997 2813 1111 2894 aliquit
1129 2816 1213 2877 Rem.
1233 2819 1329 2885 Strur.
1363 2818 1461 2880 Guell.
1484 2825 1512 2884 3.
1534 2844 1563 2904 7.

160 2925 248 2986 bodl.
267 2934 355 2984 mort.
368 2933 418 2988 est.
438 2933 480 2983 est
499 2922 536 2982 ab
547 2921 722 2982 unoWassii
738 2919 818 2980 abest
830 2921 862 2978 in
876 2919 992 2980 Vratisl.
1004 2922 1103 2980 locum
1122 2933 1226 2988 mutat.
1246 2922 1353 2986 &multi
1366 2944 1425 2986 soc.
1445 2925 1515 2986 Tur.
1535 2947 1562 2988 ι.

159 3041 225 3090 tom
237 3030 345 3090 inultm.
366 3039 429 3088 tam
447 3048 508 3088 om.
522 3026 620 3087 Guell.
642 3046 687 3086 ια.
707 3025 766 3085 sint
784 3045 844 3085 om.
864 3024 948 3089 Rem.
962 3045 988 3083 r.
1008 3024 1103 3090 struv.

245 3155 318 3241 Cup.
333 3163 362 3222 3.
382 3158 526 3239 emunda
539 3156 602 3216 vio.
631 3153 758 3218 thosan.
772 3153 863 3214 Palm.
891 3153 991 3233 ulique
1006 3152 1064 3214 ruti
1080 3153 1203 3235 plurimi
1219 3152 1300 3215 libri.
1317 3155 1431 3218 Fabrie.
1451 3157 1513 3219 Bas.
1536 3182 1562 3220 r.

159 3267 246 3327 Rem.
260 3285 287 3325 a.
315 3265 383 3325 Seu.
402 3285 427 3323 ι.
455 3265 563 3344 aliique
587 3261 670 3321 Cort.
698 3259 779 3319 Leid.
792 3281 819 3320 a.
835 3259 865 3344 b,
880 3281 907 3321 c.
920 3259 951 3318 d.
963 3282 989 3321 e.
1003 3261 1024 3318 l.
1039 3280 1069 3341 g.
1084 3257 1115 3318 h.
1133 3259 1160 3318 l.
1174 3280 1216 3318 m.
1232 3281 1263 3326 n.
1288 3260 1358 3344 Τις.
1386 3261 1470 3322 Βπυ.
1490 3286 1516 3323 ι.
1529 3267 1559 3328 ὅ.

158 3371 218 3432 rust
230 3369 327 3449 utrque
345 3369 407 3432 Bas.
420 3369 449 3439 l.
470 3366 564 3447 magis
579 3367 636 3426 tuti
655 3366 715 3426 duo
728 3363 809 3425 Cort.
829 3385 863 3426 eo
878 3385 956 3445 mog.
973 3374 996 3424 t.
1012 3374 1065 3424 ortt
1081 3365 1112 3424 h.
1133 3385 1210 3426 unus
1222 3365 1327 3426 Cortii.
1347 3366 1461 3429 orituri
1476 3369 1557 3435 leid.

158 3481 180 3538 l.
203 3474 272 3537 Tur.
298 3493 328 3535 se
337 3473 513 3553 fatigando.
533 3491 562 3532 to
577 3491 637 3530 om.
657 3470 741 3531 Rem.
763 3487 799 3529 1.'
816 3469 884 3531 Eoo.
904 3469 1000 3531 Slmv.
1025 3479 1066 3529 at
1080 3479 1202 3536 mrem.
1216 3472 1294 3532 dem.
1313 3471 1409 3536 strui.
1440 3482 1482 3535 ott
1496 3493 1557 3535 om.

158 3583 219 3644 ino.
233 3599 261 3641 2.
282 3578 375 3643 libert.
396 3599 480 3640 suom
499 3597 585 3659 pron.
606 3597 667 3640 om.
687 3575 785 3638 Guoll.
797 3575 826 3635 5.

223 3705 297 3789 Cap.
313 3707 343 3779 l.
363 3727 400 3768 er
416 3706 452 3766 iis
470 3725 531 3785 reg.
551 3703 631 3764 leid.
647 3705 716 3771 ab.
730 3727 756 3766 e.
774 3705 802 3770 k.
823 3701 889 3764 usui
901 3713 951 3765 ast.
972 3713 1014 3766 ort
1033 3724 1093 3766 om.
1115 3706 1174 3772 ine.
1192 3725 1219 3766 2.
1247 3718 1351 3770 memet
1365 3710 1443 3775 uod.
1461 3730 1559 3773 meum

157 3815 242 3874 laud·
261 3831 358 3874 meum
385 3810 605 3871 om.Guell.6.
623 3831 668 3871 12.
701 3812 735 3870 in
749 3811 844 3874 Strnv.
863 3811 923 3870 loe.
949 3820 1023 3870 mut.
1044 3805 1201 3871 turdum
1218 3831 1279 3872 om.
1307 3813 1463 3875 Fatum.
1493 3837 1558 3878 meo

155 3941 239 3982 nom.
260 3937 324 3979 meo
342 3939 404 3978 orn.
432 3915 544 3980 Fabric.
567 3936 595 3976 a.
625 3915 706 3976 leid.
721 3936 752 3980 n.
785 3914 940 3996 inponam
968 3913 1049 3975 leid.
1066 3916 1087 3974 i.
1110 3935 1252 3976 morum
1268 3936 1329 3977 om.
1359 3918 1457 3981 Gueli.
1475 3922 1503 3981 5.
1523 3921 1558 3981 in

152 4045 242 4091 ωηο.
260 4022 367 4094 baal.
386 4020 467 4082 Leid.
480 4019 510 4080 b.
526 4043 553 4104 g.
574 4021 688 4103 aliquot
706 4019 810 4079 conti.
831 4019 1037 4098 magistratum
1049 4039 1150 4080 ornnes
1162 4021 1242 4086 leid.
1262 4034 1401 4104 praetera.
1411 4022 1443 4084 b.
1458 4027 1557 4108 udqrt.

154 4131 223 4194 rim.
244 4127 343 4191 Guell.
361 4147 387 4186 ι.
402 4127 429 4186 5.
449 4126 516 4187 Eoo.
537 4125 652 4190 Vratisl.
666 4147 691 4184 r.
713 4125 904 4184 omnesLeid.
925 4122 1041 4184 Gruteri
1067 4135 1097 4185 et
1109 4123 1212 4186 Wasui
1228 4125 1307 4188 libri.
1335 4128 1399 4189 Bas.
1417 4151 1442 4198 r.
1469 4131 1556 4194 bern.

159 4257 189 4300 ι.
203 4235 233 4298 3.
253 4251 319 4296 aum
338 4232 435 4293 meri.
449 4239 646 4314 perronemnt
667 4228 764 4291 Guell.
775 4229 804 4297 6.
824 4228 914 4291 indie.
928 4249 1024 4292 mrum
1043 4228 1140 4290 Guoli.
1156 4252 1186 4314 9.
1207 4231 1264 4294 moi
1277 4232 1370 4295 aum.
1390 4233 1489 4304 Guell⁴
1507 4259 1556 4301 u.

1115 4385 1162 4447 11.
