3850 4867
341 253 386 301 10

336 423 524 486 certamen
553 411 654 486 inter
676 413 774 516 ipsos
795 425 897 488 erat:
921 410 975 484 sic
995 433 1034 484 te
1055 407 1218 510 quisque
1238 401 1386 479 hostem
1411 401 1541 493 ferire,
1572 433 1729 482 murum

334 530 578 624 adscendere,
603 535 787 638 conspici,
812 533 908 609 dum
927 521 1003 606 tole
1024 531 1173 606 facinus
1192 527 1352 614 faceret,
1376 529 1634 632 properabat:
1667 559 1729 606 eae

334 653 504 746 divitias,
528 683 613 732 eam
639 658 781 732 bonam
807 657 949 732 samam
973 677 1228 759 magnumque
1257 651 1496 726 nobilitatem
1520 653 1727 757 putabant:

333 775 459 854 laudis
482 780 600 870 avidi,
633 780 806 884 pecuniae
831 778 1006 855 liberales
1035 793 1171 852 erant:
1203 775 1364 880 gloriam
1392 776 1602 882 ingentem,
1632 780 1728 854 diri-

339 899 409 974 tias
428 901 602 979 honestas
619 904 805 979 volebant.
846 903 1058 978 Memorare
1073 925 1234 1003 possem,
1259 899 1399 1000 quibus
1424 900 1466 974 in
1485 902 1576 976 locis
1596 931 1727 978 maxu-

334 1049 414 1100 mas
432 1022 601 1102 hostium
622 1024 748 1132 copias
764 1027 929 1132 populus
949 1027 1142 1099 Romanus
1166 1050 1283 1126 parvo
1304 1051 1425 1098 manu
1447 1025 1609 1117 fuderit,
1633 1055 1725 1130 quas

333 1149 464 1250 urbes,
479 1167 618 1225 natura
633 1152 819 1240 munitas,
834 1150 1043 1256 pugnando
1063 1147 1223 1250 ceperit,
1247 1147 1290 1221 ni
1307 1173 1350 1222 ea
1366 1174 1423 1223 roe
1441 1149 1590 1253 longius
1603 1151 1652 1224 ab
1669 1152 1727 1225 in-

304 1273 443 1376 sscepto
475 1272 649 1350 traheret.
699 1274 771 1350 Sed
799 1274 968 1378 profecto
1001 1273 1156 1348 fortuna
1192 1269 1234 1344 in
1271 1271 1376 1344 omni
1412 1297 1454 1346 re
1481 1273 1726 1348 dominatur:

331 1421 374 1472 ea
392 1422 449 1472 res
468 1413 625 1472 cunctas
649 1425 695 1473 ex
709 1397 885 1473 lubidine
905 1397 1037 1502 magis,
1057 1421 1175 1498 quam
1195 1420 1242 1467 ex
1261 1421 1349 1471 vero
1361 1397 1527 1472 celebrat
1537 1398 1727 1472 obscurat·

331 1547 415 1623 que.
440 1519 731 1597 Atheniensium
750 1549 807 1597 ree
819 1537 946 1627 gestie,
957 1520 1069 1596 sicuti
1086 1546 1153 1624 ego
1171 1537 1350 1608 aestumo‚
1369 1520 1457 1594 satis
1475 1520 1612 1624 amplae
1627 1549 1727 1626 mag·

331 1717 400 1778 Tur.
413 1737 441 1780 2.
454 1719 538 1782 Bern.
557 1743 583 1781 1.
601 1733 631 1782 et
642 1719 823 1780 liittershusii
841 1717 938 1780 Codd.
959 1718 996 1778 de
1015 1717 1147 1778 Parisinio
1163 1741 1224 1782 non
1240 1721 1341 1800 liquet.
1363 1715 1457 1794 magu
1470 1718 1617 1795 mognque
1634 1719 1727 1778 ariol-

331 1819 390 1882 lere
405 1823 566 1904 ingenium.
581 1823 696 1885 Putsch.
711 1823 808 1884 Codd.
825 1825 894 1885 Vin.
907 1845 935 1884 2.
952 1824 1036 1884 Rem.
1050 1824 1131 1884 leid.
1149 1849 1179 1908 g.
1200 1823 1294 1903 mugz’s
1310 1821 1469 1902 ingenim.
1483 1819 1546 1882 Bae.
1563 1823 1592 1894 4.
1606 1823 1686 1884 [eid.
1701 1846 1726 1884 e.

330 1945 404 2008 trop.
419 1939 521 1988 παπ.-
532 1932 631 2007 sorni.
650 1937 701 1989 ert.
715 1937 810 1988 -tnnt
826 1938 854 1988 et
868 1937 908 1989 erl
921 1931 953 1988 in
966 1929 1096 1989 Palatino
1113 1951 1196 1990 nono
1210 1931 1325 1998 omissa.
1342 1935 1506 1987 memoratu
1519 1938 1581 1987 ert:
1602 1939 1644 1988 est
1665 1950 1725 1988 om.

330 2031 410 2094 leid.
426 2056 453 2094 a.
468 2035 593 2096 simulac
604 2034 672 2094 belli
679 2032 794 2114 potiens
810 2043 873 2094 erat
881 2073 893 2105 ,
908 2035 941 2094 in
956 2033 1060 2096 castris
1071 2055 1125 2116 per
1138 2036 1268 2096 laborm
1283 2054 1336 2094 mu
1349 2030 1486 2092 maniam
1499 2031 1646 2092 mocon:
1667 2033 1727 2095 buc

331 2139 514 2218 optimorum
534 2138 631 2198 Codd.
645 2140 742 2199 lectio.
756 2138 857 2198 laudat
878 2159 995 2222 quoquo
1009 2141 1146 2200 Diomed.
1161 2164 1193 2222 p.
1209 2141 1277 2221 429.
1292 2137 1500 2199 rationando
1515 2149 1595 2218 putot
1607 2160 1674 2198 eum
1686 2142 1728 2199 ei·

332 2243 432 2323 molon
440 2247 549 2327 legisse.
569 2243 657 2304 timul
666 2245 773 2305 loboris
791 2265 828 2306 oo
844 2240 920 2305 belli.
937 2247 1034 2306 Senot.
1046 2268 1076 2307 2.
1100 2247 1201 2308 Honos.
1214 2247 1316 2307 Vinrr.
1329 2265 1358 2304 a.
1376 2244 1407 2302 in
1422 2242 1520 2302 Guelf.
1540 2265 1585 2303 ια.
1603 2254 1670 2323 port
1686 2246 1728 2305 si-

331 2347 395 2406 mul
400 2327 526 2428 spatium
536 2349 680 2410 relictum.
697 2349 804 2410 latoni
814 2349 902 2409 timul
916 2370 954 2410 oe
969 2351 1039 2409 belli
1047 2351 1142 2412 Strur.
1164 2350 1293 2412 iuventus
1305 2349 1386 2430 pacilo
1399 2368 1437 2408 oc
1449 2347 1639 2428 belb‘poticnr
1654 2362 1726 2410 erut.

325 2451 421 2510 rant.
435 2453 464 2522 Δ.
484 2452 572 2516 rimtd
589 2474 626 2514 ac
636 2453 718 2536 pacit
732 2464 760 2514 et
775 2454 849 2514 belli.
868 2453 965 2514 Guell.
983 2455 1013 2514 3.
1026 2456 1126 2536 Vrget.
1144 2455 1181 2515 de
1202 2477 1233 2515 re
1249 2457 1312 2514 mil.
1332 2458 1353 2513 l.
1368 2455 1398 2524 d.
1416 2454 1468 2511 nbi
1482 2451 1544 2513 haec
1560 2456 1726 2516 laudantur.

332 2554 420 2614 simul
431 2556 542 2617 laborer
555 2566 583 2617 et
595 2559 670 2618 belli.
689 2558 789 2622 Natar.
800 2559 833 2616 in
850 2559 989 2640 margine.
997 2559 1124 2638 periboli
1138 2558 1226 2619 timul
1236 2579 1274 2618 ao
1287 2557 1361 2619 belli.
1376 2558 1457 2616 leid.
1466 2580 1491 2618 c.
1506 2558 1596 2619 simul
1609 2571 1636 2619 et
1645 2561 1728 2621 lobo-

270 2639 280 2663 *
334 2656 375 2719 rit
389 2668 418 2718 et
435 2660 510 2719 belli.
530 2661 611 2721 Leid.
622 2661 654 2722 h.
674 2663 833 2723 di'scebont.
852 2661 914 2721 Bas.
930 2685 955 2721 ι.
974 2686 1016 2722 m.
1028 2685 1073 2743 pr.
1086 2661 1183 2724 Guell.
1198 2665 1227 2723 6.
1244 2683 1297 2742 por
1312 2662 1420 2722 loboris
1427 2681 1519 2722 urum.
1530 2664 1673 2729 Vin.2.et
1687 2669 1727 2726 ita

332 2766 411 2845 plur.
424 2765 495 2846 Veg.
508 2765 577 2830 edit.
590 2785 683 2826 utum.
696 2765 785 2828 leod.
799 2765 862 2826 Bas.
875 2787 903 2826 2.
911 2767 987 2827 Edit.
1001 2775 1058 2829 vet.
1072 2765 1165 2826 Cortii
1176 2768 1335 2850 plunlleg.
1346 2767 1454 2826 aditet
1468 2779 1557 2848 mspt.
1570 2769 1677 2830 loboris
1690 2791 1726 2832 oc

332 2868 401 2929 belli
410 2869 498 2929 simul
518 2870 633 2950 potiens
647 2871 775 2932 discebat
796 2870 932 2931 militium
947 2893 1001 2932 utu
1015 2893 1068 2952 per
1080 2872 1219 2932 laborem.
1242 2871 1304 2930 Bos.
1314 2871 1344 2942 l.
1365 2871 1486 2931 militur.
1503 2871 1597 2933 Bona.
1617 2873 1686 2935 Tur.
1701 2897 1725 2936 t.

334 2997 374 3034 m.
384 2995 431 3056 pr.
446 2975 592 3036 habebant
605 2995 707 3036 omnes
727 2976 787 3034 Bne.
808 2976 892 3036 Rern.
905 2975 977 3036 Tur.
990 2977 1075 3035 Pario.
1090 2977 1150 3035 Eri.
1160 2976 1229 3058 Τις.
1245 2975 1433 3036 Leid.b.e.li.
1443 2979 1529 3036 ceteri
1540 2975 1622 3038 Leid.
1636 2980 1728 3042 bode-

333 3081 383 3140 bat
397 3093 431 3142 nt
442 3082 511 3142 Vin.
525 3093 555 3142 ot
572 3081 641 3141 edit.
658 3091 740 3143 retus
754 3080 857 3140 Cortii.
879 3082 968 3141 labos.
984 3080 1101 3140 (lortius
1116 3082 1213 3143 invitis
1230 3080 1368 3140 omnibus
1385 3079 1483 3140 Codd.
1496 3082 1545 3141 sed
1555 3084 1635 3145 Serv.
1655 3086 1728 3148 Aen.

337 3207 363 3245 ι.
379 3187 449 3248 253.
471 3229 487 3260 „
501 3187 577 3248 Item
595 3187 738 3248 Salustius
753 3207 827 3268 pene
838 3185 939 3265 ubique
958 3186 1038 3244 labor
1047 3183 1143 3264 poenz}
1161 3205 1246 3264 quem
1264 3185 1347 3244 ruello
1362 3187 1512 3246 necessum
1527 3189 1656 3267 corigit.’'
1675 3215 1729 3252 ora-

246 3343 249 3350 .
332 3293 408 3354 dum
424 3304 506 3355 not:
526 3303 590 3355 erat
608 3291 687 3354 abui
700 3293 782 3353 leid.
797 3293 827 3357 d.
836 3292 1041 3372 transpositum
1052 3290 1133 3350 Leid.
1144 3292 1168 3349 f.
1180 3288 1211 3349 b.
1227 3310 1290 3350 non
1304 3284 1730 3371 ormobes'hostissormidolo-

333 3415 381 3458 ruo
394 3382 486 3459 ,(11κο
502 3419 551 3480 ap.
570 3399 652 3458 Cort.
667 3400 789 3472 omisso,
816 3398 930 3458 incuria
942 3394 1127 3454 librariomm
1149 3403 1233 3474 puto.
1254 3394 1296 3455 sio
1308 3414 1338 3454 re
1352 3397 1476 3475 qouque.
1492 3397 1554 3458 Bas.
1571 3421 1596 3460 1.
1609 3401 1639 3472 4.
1659 3401 1727 3488 Tog.

332 3501 402 3565 Tur.
414 3524 440 3564 ι.
458 3503 542 3564 Bern.
555 3523 583 3564 2.
596 3503 625 3564 3.
645 3502 726 3563 Loid.
746 3524 772 3562 a.
788 3524 814 3562 e.
832 3501 862 3565 d,
875 3499 908 3560 h.
922 3501 950 3558 k.
968 3502 988 3558 i.
1009 3521 1055 3557 m.
1069 3519 1125 3558 sec.
1145 3499 1232 3557 etiarn
1246 3498 1326 3557 leid.
1341 3503 1361 3564 Ι.
1380 3521 1421 3560 m.
1438 3522 1484 3581 pr.
1499 3502 1512 3560 i
1528 3505 1560 3561 in
1578 3512 1731 3572 emutuit

333 3631 375 3670 m.
392 3631 448 3671 sec.
471 3610 589 3669 Parisi'ni
607 3628 718 3669 omnes.
735 3608 856 3688 plurimi
884 3604 1002 3664 Gruteri
1015 3603 1092 3662 libri.
1112 3601 1209 3662 Gueli.
1228 3624 1252 3661 ι.
1268 3601 1297 3672 Δ.
1312 3625 1341 3683 7.
1358 3623 1403 3662 ια.
1421 3604 1534 3666 Fabric.
1551 3619 1645 3692 uterq.
1665 3614 1729 3676 Ine.

335 3734 365 3776 2.
382 3713 471 3776 leod.
483 3715 579 3774 Senot.
593 3733 621 3773 2.
637 3713 721 3772 Rern.
734 3732 762 3771 2.
782 3710 825 3771 rio
836 3711 960 3789 qantoe.
978 3708 1041 3768 Bas.
1059 3727 1088 3766 a.
1100 3706 1130 3767 3.
1144 3706 1241 3766 Guell.
1261 3707 1332 3767 ab.
1346 3692 1374 3767 l3.
1386 3709 1416 3769 8.
1433 3731 1478 3768 11.
1493 3711 1612 3774 Ercurd.
1628 3717 1729 3780 Vimr,

334 3819 429 3884 Struv.
444 3819 507 3880 lnc.
529 3841 556 3879 1.
569 3818 655 3879 Rern.
675 3838 702 3876 r.
721 3815 802 3876 Leid.
820 3814 852 3873 b.
868 3837 899 3896 g.
914 3837 955 3874 m.
975 3814 1017 3874 u'e
1033 3812 1193 3892 quenquam.
1210 3811 1296 3871 Bern.
1319 3834 1349 3872 t.
1366 3833 1396 3874 se
1419 3815 1543 3895 qunque.
1564 3817 1685 3883 Polatin.
1699 3845 1728 3884 a.

333 3925 402 3987 Non
416 3923 561 3984 Commel.
575 3923 671 3983 Guell.
684 3921 714 3982 5.
729 3921 756 3982 εἰ
766 3919 890 4000 qtultque.
904 3919 1001 3979 Sonat.
1017 3939 1044 3978 ι.
1059 3916 1164 3977 Pemb.
1184 3937 1243 3978 reto
1270 3917 1331 3977 Erl.
1347 3922 1440 4002 legere
1462 3922 1586 3984 ridetur.
1607 3925 1646 3984 ob
1662 3923 1737 3989 oliis'

334 4028 473 4111 conspici.
492 4027 572 4090 Leid.
588 4028 617 4088 k.
637 4025 699 4088 Bas.
712 4025 741 4098 4.
756 4025 855 4084 Hem.
870 4025 937 4085 Son.
958 4022 1168 4085 2.Gneli.12.
1187 4043 1229 4083 m.
1247 4043 1294 4105 pr.
1305 4024 1425 4084 Martio.
1448 4035 1476 4087 et
1496 4027 1548 4087 lib.
1566 4048 1594 4088 a.
1614 4029 1729 4094 Wmii.
