3850 4867
1493 315 1540 387 31

131 545 166 585 ex
183 522 267 583 Latio
279 540 306 583 2.
318 554 335 567 -
351 528 418 585 roo.
438 550 456 567 ·
474 519 589 592 futura,
611 534 676 596 quae
693 515 863 595 imputasset
877 510 905 573 5.
925 544 943 559 -
965 530 1033 573 toa.
1048 503 1069 560 -'
1083 511 1165 574 unde
1178 512 1286 573 Marius
1301 510 1480 595 «Iugurtham
1496 530 1546 573 ex·

130 624 249 703 pulerat
267 618 296 680 5.
316 652 333 667 -
356 638 423 679 tro.
443 650 460 665 ··
478 616 592 676 nullius
606 611 726 694 indigus
741 631 769 671 2.
789 644 805 659 -
829 628 895 669 112.
913 644 930 655 -
950 609 983 669 in
998 620 1173 693 potestatem
1190 608 1340 670 habuisset
1351 631 1383 671 2.

310 864 357 962 ο.)
406 860 478 934 nu
503 856 762 934 comcmus
787 856 1129 933 antroruuos
1151 854 1383 929 ruamus.

232 1038 279 1109 In
304 1031 538 1108 bibliotheca
569 1030 725 1136 publica
760 1029 850 1129 (scu
869 1032 1075 1117 Minervae)
1101 1044 1269 1131 quatuor
1303 1026 1457 1103 Codices
1483 1028 1550 1133 Sa<

131 1146 238 1226 lustii
257 1151 405 1239 inveni,
430 1177 598 1253 quorum
618 1146 721 1223 duos'
735 1150 949 1227 accuratius
971 1144 1202 1236 examinavi,
1226 1144 1295 1249 qui
1316 1141 1452 1221 mihie
1472 1172 1548 1222 nu·

130 1295 239 1345 mero
267 1266 472 1343 meliorum
491 1292 566 1342 esse
585 1265 825 1341 videbantur.

132 1432 228 1513 Cod.
246 1436 274 1509 1.
301 1430 369 1531 (H.
386 1458 432 1507 vr.
454 1432 509 1531 7.)
536 1431 701 1525 octonis;
724 1430 896 1535 primum
914 1428 1054 1503 folium
1076 1428 1236 1532 picturis
1261 1444 1450 1503 ornatum.
1483 1426 1547 1504 Li-

282 1549 352 1625 ber
375 1536 565 1651 eleganter
588 1547 770 1650 scriptus3
795 1546 930 1622 insunt
949 1544 1128 1635 Catilina,
1150 1542 1342 1649 Jugurtha
1361 1560 1400 1619 et
1421 1545 1549 1619 Invec-

287 1664 399 1758 tivae3
439 1665 481 1738 in
504 1663 580 1739 fine
598 1662 799 1768 Jugurthae
820 1660 903 1737 haec
932 1663 1142 1766 leguntur:
1176 1662 1298 1765 Crispi
1324 1660 1478 1736 Salustii
1503 1659 1552 1738 de

285 1781 388 1857 bello
418 1779 656 1884 Jugurthino
691 1780 790 1855 liber
813 1777 971 1882 explicit
1001 1767 1180 1852 foeliciter
1203 1776 1266 1852 die
1294 1778 1428 1852 Martis
1453 1776 1552 1853 hora

287 1924 372 1973 xxu.
408 1898 650 1974 MCCCCLV.
675 1924 751 1972 xxu
766 1896 952 1981 Octobris.
1000 1892 1287 1999 Ortho'graphia
1320 1895 1481 1997 antiqua
1510 1894 1555 1972 in

289 2014 489 2089 nonnullis
510 2014 666 2089 vocibus
690 2020 854 2111 servata'5
877 2040 1093 2100 maxuma,
1115 2012 1430 2123 adulescentulus,
1445 2038 1556 2117 quom

284 2132 421 2235 saepius
451 2132 648 2247 scriptum.

221 2293 312 2356 Catil.
332 2318 357 2357 c.
370 2318 395 2355 r.
415 2296 596 2356 obedientia
608 2298 704 2357 renui
726 2332 742 2345 -
761 2317 837 2379 opus
852 2305 894 2357 est
917 2298 995 2359 facto
1014 2332 1032 2346 -
1050 2296 1288 2379 auxilioindeget
1303 2318 1330 2357 2.
1350 2298 1489 2358 transiere
1500 2299 1556 2357 -is

134 2391 265 2455 daemum
302 2394 398 2455 virere
425 2395 452 2453 6.
474 2393 614 2477 augendae
635 2394 805 2476 reipublice
832 2395 987 2455 inventum
1015 2398 1109 2456 luerat
1157 2417 1203 2455 12.
1227 2396 1364 2475 cognoris
1409 2416 1455 2475 ¹9·
1480 2394 1557 2455 boni

133 2511 229 2573 qrram
248 2494 348 2572 plures
365 2490 414 2552 55.
436 2492 596 2553 laceremus
616 2494 680 2552 aliis
698 2492 749 2565 45.
769 2493 902 2552 Statilius
917 2492 1061 2552 Gabinius
1079 2495 1127 2553 51.
1145 2514 1208 2553 nou
1225 2492 1300 2552 mihi
1323 2492 1459 2553 crudelis.

217 2619 372 2700 Jugurtha
388 2644 413 2682 c.
433 2642 458 2682 r.
481 2622 517 2682 dc
534 2634 639 2683 natura
660 2644 753 2705 genus
767 2643 794 2684 2.
817 2626 875 2684 alia
902 2622 1111 2703 hujuscemodi
1129 2622 1213 2686 brevi
1239 2636 1268 2696 4.
1289 2624 1453 2704 adaequavit
1475 2624 1503 2685 6.
1530 2636 1559 2686 et

134 2718 299 2778 minimum
318 2719 354 2779 de
369 2742 398 2779 se
411 2722 496 2803 loqui
511 2744 539 2802 7.
564 2720 593 2779 P.
608 2720 755 2800 Scipionis
773 2742 818 2780 rr.
841 2722 926 2779 illum
945 2721 1039 2779 tribus
1061 2722 1106 2791 24.
1130 2742 1255 2803 regnum
1281 2723 1520 2801 procurationem
1542 2758 1558 2771 -

133 2825 229 2895 atque
251 2828 404 2896 parentes,
425 2839 479 2898 per
501 2824 682 2895 majestatem
708 2839 752 2900 ¹9·
775 2828 803 2877 et
824 2820 890 2877 aliis
916 2840 1060 2880 novarum
1082 2839 1180 2877 rerum
1204 2820 1297 2881 avidis
1329 2839 1376 2879 2ο.
1398 2831 1557 2902 postquam

133 2910 232 2972 diviso
252 2932 342 2995 regno
362 2914 458 2975 Africa
474 2917 628 2976 discessere
647 2950 664 2963 -
683 2915 785 2974 dolore
807 2927 978 2995 permotum
1004 2915 1195 2975 adherbalem
1217 2951 1234 2963 -
1253 2922 1427 2979 rettulerant
1448 2924 1495 2981 25.
1517 2920 1556 2979 ad

132 3010 277 3069 virtutem
293 3012 402 3091 erigere
423 3026 470 3084 24.
493 3024 522 3073 ct
541 3034 606 3093 quae
623 3024 709 3073 antea
727 3014 759 3072 in
776 3024 880 3073 senatu
899 3048 916 3059 -
936 3035 985 3073 me
999 3035 1034 3074 ex
1049 3014 1186 3073 manibus
1209 3015 1260 3079 58.
1282 3018 1446 3075 occultiora
1464 3018 1526 3076 lore
1541 3052 1558 3063 -

133 3117 223 3167 metu
247 3108 349 3166 mortis
378 3110 533 3169 mutabant
556 3114 604 3182 45.
628 3113 734 3171 auxilia
762 3113 880 3170 mittere
903 3110 952 3192 47.
975 3113 1164 3172 munimento
1192 3114 1251 3172 illis
1271 3116 1333 3173 lore
1352 3134 1399 3195 7¹·
1422 3114 1559 3192 audivit,

135 3203 305 3264 dormiente
336 3206 390 3264 illo
411 3207 460 3287 95.
476 3209 612 3272 animum
634 3212 719 3269 vertit
742 3230 809 3269 roa.
828 3209 909 3269 unde
930 3208 1109 3293 Jugurtham
1132 3213 1282 3292 expulerat
1330 3212 1396 3271 108.
1417 3232 1487 3271 nam
1504 3236 1559 3297 pa-

135 3312 185 3363 ter
204 3336 221 3349 -
240 3313 321 3365 ortus
338 3315 409 3364 erat.

136 3446 233 3525 Cod.
258 3448 304 3523 11.
346 3452 418 3544 (H.
440 3478 487 3526 111.
516 3456 595 3552 17.)
632 3451 813 3528 Saec.xr1.
845 3452 1118 3559 elegantissime
1144 3455 1305 3559 scriptus
1334 3472 1372 3531 et
1397 3456 1557 3561 picturis

293 3584 459 3643 ornatus.
485 3568 628 3672 Saepius
651 3586 874 3673 argumenta
897 3572 1068 3676 capitum
1094 3572 1138 3647 in
1162 3573 1332 3677 margine
1354 3573 1554 3680 adscripta.

205 3702 296 3767 Catil.
312 3729 338 3767 c.
356 3731 381 3769 ι.
399 3710 518 3770 student
539 3730 597 3768 sese
617 3743 634 3756 -
654 3721 684 3769 et
698 3720 803 3769 aeterna
820 3732 848 3775 2.
865 3733 962 3793 neque
984 3715 1093 3773 mutari
1113 3715 1215 3774 omnia
1231 3737 1362 3775 cerneres
1381 3752 1401 3762 -
1417 3719 1559 3780 transiere

141 3822 195 3865 22.
213 3824 310 3885 neque
330 3807 495 3887 quicquam
514 3806 661 3865 moderati
684 3821 729 3881 24.
759 3830 849 3889 quam
874 3811 956 3889 quod
980 3813 1126 3893 cuiquam„
1143 3813 1174 3870 id
1198 3826 1384 3893 compertum
1417 3817 1493 3876 soret
1512 3817 1558 3877 16.

136 3912 317 3981 torpesceret
337 3905 382 3966 18.
404 3914 464 3961 tam
482 3905 642 3983 pessimum
665 3925 712 3969 2ο.
734 3906 924 3968 vendicemus
942 3940 960 3953 -
978 3910 1029 3968 cui
1043 3910 1127 3968 virile
1147 3911 1300 3991 ingenium
1320 3915 1359 3971 sit
1385 3933 1433 3973 2ι.
1454 3912 1568 3975 homi·-

136 4020 211 4061 ηοω
231 4000 405 4061 familiarem
435 4002 484 4063 5ο.
507 4002 595 4061 missi.
618 4003 742 4083 Utrique
764 4003 813 4070 55.
832 4026 901 4064 cum
920 4016 949 4065 et
975 4027 1009 4065 cx
1026 4007 1130 4065 alienis
1155 4020 1204 4079 4ο.
1230 4013 1396 4091 negotiatus
1414 4024 1487 4073 essct
1507 4014 1557 4084 42.

138 4098 313 4178 cumplures
335 4098 384 4169 45.
407 4101 538 4160 Statilius
552 4099 698 4161 Gabinius
714 4103 764 4185 47.
786 4104 833 4161 cui
859 4105 984 4163 satatum
1007 4104 1080 4178 tuit,
1101 4104 1176 4163 soret
1195 4138 1213 4153 -
1233 4107 1386 4172 abdicatus
1404 4113 1564 4195 magistra-

139 4205 175 4257 tu
194 4195 246 4271 48.
266 4207 401 4259 nuatum
420 4198 524 4260 edocet
536 4212 587 4280 49.
608 4200 739 4262 iudicem
763 4220 822 4262 esse
840 4202 945 4263 falsum
965 4202 1015 4263 52.
1036 4220 1136 4267 cavere
1158 4206 1259 4288 magis.
