3850 4867
333 386 418 436 1le

329 558 449 647 atque
467 542 509 617 in
533 545 705 649 margine
727 543 898 649 apposita
909 574 918 637 ;
945 543 958 618 i
977 542 1210 646 ubiqucsine
1237 558 1384 646 puncto
1399 542 1599 646 scriptum3
1614 542 1736 619 multa

327 667 554 771 compendia
566 658 785 771 scripturae,
800 668 864 743 sed
879 667 989 742 nulla
1003 664 1286 771 orthographiae
1297 653 1430 763 ⁴ueteris
1439 664 1591 772 vestigia
1606 666 1738 773 depre-

282 848 292 855 .
326 788 489 883 bendas3
503 790 578 891 scd
599 793 772 895 reliquid,
785 792 987 892 jroernunt,
1012 792 1226 890 depraecor,
1252 804 1493 889 contemptus,
1527 790 1734 874 deortatur,

327 920 543 1017 nequiquam
581 916 718 1019 passim
743 916 931 1020 leguntur.
971 918 1146 989 Ceterum
1178 912 1276 988 liber
1293 914 1386 988 olim
1411 914 1602 1019 Bongmsii
1624 915 1735 989 fuisse

328 1036 504 1129 videtur,
544 1039 653 1114 cuius
684 1039 842 1115 nomine
872 1055 1025 1112 notatus
1064 1055 1127 1113 est.
1172 1039 1396 1113 'Beruensem
1424 1034 1500 1112 III.
1535 1038 1596 1135 (n.
1624 1040 1731 1136 698.)

331 1158 502 1237 Chartae.
529 1163 667 1237 saeculo
689 1164 789 1238 XVI.
812 1162 995 1268 scriptum
1021 1186 1096 1237 esse
1121 1164 1246 1237 censet
1264 1162 1462 1252 Sinnerus,
1487 1162 1550 1237 sed
1570 1161 1733 1237 immeri-

328 1300 384 1375 to,
404 1286 435 1361 si
454 1286 549 1390 quid
569 1285 684 1362 video.
718 1289 785 1363 Est
805 1285 909 1361 enim
930 1282 997 1359 hic
1015 1284 1113 1360 liber
1132 1312 1178 1359 ex
1198 1284 1433 1375 melioribus,
1449 1300 1486 1359 et
1499 1284 1671 1389 quamvis
1686 1282 1733 1358 li·

327 1408 476 1486 brarius
496 1410 630 1514 saepius
655 1411 697 1485 in
716 1406 988 1515 orthographia
1007 1408 1194 1511 peccavit,
1220 1424 1348 1483 tamen
1370 1406 1479 1483 haud
1499 1406 1617 1511 dubie
1635 1404 1733 1511 opti-

181 1551 218 1642 ]
327 1560 436 1614 mum
459 1534 652 1637 exemplar
678 1550 828 1610 secutus
847 1548 908 1609 est
946 1531 1025 1607 Sub
1048 1531 1165 1609 finem
1186 1530 1382 1636 Iugurtha.
1404 1531 1586 1637 leguntur
1607 1551 1734 1605 versus

324 1658 367 1733 in
393 1656 488 1763 regis
508 1658 687 1748 mortem,
714 1682 809 1760 quos
828 1673 865 1734 et
887 1656 1102 1733 basileensis
1120 1657 1268 1760 primns
1288 1655 1474 1759 expressit.
1526 1652 1733 1758 O'rtbogra·

323 1774 426 1885 pbiae
446 1779 578 1855 veteris
600 1806 723 1885 pauca
743 1780 907 1885 vestigia
928 1779 1083 1865 cotidie,
1107 1780 1316 1864 accersere,
1340 1780 1572 1855 adulescens:
1596 1776 1733 1859 abab,

324 1903 524 2008 aliquoties
554 1901 756 2008 leguntur,
791 1902 857 1979 sed
892 1904 1129 2009 optimorum
1158 1902 1347 1978 librorum
1391 1900 1569 1977 lectiones
1597 1898 1733 2003 saepius

229 2124 233 2130 ἱ
319 2026 543 2117 confirmat,
569 2044 684 2129 atque
704 2024 1009 2130 intelligentibus
1033 2022 1141 2099 haud
1162 2023 1314 2099 infirma
1335 2025 1528 2100 videbitur
1549 2022 1665 2098 huius
1687 2021 1734 2095 li-

323 2151 385 2227 bri
403 2151 616 2226 auctoritas.
658 2150 779 2225 Ceteri
801 2150 912 2240 libri,
929 2175 1025 2251 quos
1040 2149 1272 2239 examinavi,
1296 2148 1454 2223 minoris
1474 2147 1631 2250 quidem
1648 2172 1733 2251 pre·

324 2276 369 2351 tii
397 2292 504 2364 sunt,
537 2300 662 2377 neque
688 2290 815 2348 tamen
840 2271 1124 2349 contemnendi.
1175 2272 1354 2369 Quonnn
1381 2298 1427 2346 ex
1458 2297 1619 2346 numero
1643 2274 1734 2346 Ber-

323 2406 444 2475 nensis
462 2400 515 2474 II.
531 2399 573 2472 in
596 2398 850 2487 membranis,
868 2395 991 2470 forma
1005 2393 1191 2497 quadrata
1215 2394 1275 2492 (n.
1293 2390 1392 2487 561.)
1408 2395 1597 2499 eleganter
1616 2394 1735 2499 scrip-

325 2540 399 2612 tus,
416 2522 546 2596 ceteris
557 2522 806 2597 Bernens'ibus
819 2518 1109 2635 longelinl‘erior
1119 2550 1130 2613 ;
1151 2518 1273 2594 marita
1287 2518 1431 2608 omissa,
1450 2518 1572 2592 multa
1586 2543 1735 2622 perver-
1765 2574 1776 2585 .

322 2671 361 2722 se
382 2646 532 2750 scripta.
559 2648 616 2721 Ex
639 2672 701 2736 eo,
724 2647 756 2721 si
782 2644 883 2721 nihil
905 2643 1025 2734 aliud,
1039 2642 1114 2717 boc
1136 2660 1236 2718 certe
1253 2640 1500 2745 intelligitur,
1515 2642 1673 2731 codices,
1691 2640 1733 2716 in

230 2832 234 2843 .
324 2770 465 2873 quibus
484 2770 607 2844 multa
628 2770 761 2845 omissa
786 2784 895 2857 sunt,
916 2794 998 2842 non
1023 2767 1176 2871 optimae
1197 2780 1298 2840 notae
1310 2789 1398 2839 esse.
1424 2764 1563 2839 Addita
1577 2781 1634 2839 est
1648 2790 1733 2839 ora-

320 2902 375 2970 tio
398 2896 549 2971 Salustii
569 2901 606 2968 in
636 2897 677 2967 T.
701 2896 912 2971 Ciceronem
937 2909 980 2967 et
1003 2895 1189 2967 Ciceronis
1221 2890 1440 2964 declamatio
1463 2895 1502 2962 in
1530 2867 1734 2965 manaan

325 3022 372 3094 In
395 3018 470 3093 line
497 3016 802 3121 haec'legnntur:
833 3016 985 3094 Salustii
1015 3017 1224 3090 Catilinarii
1248 3013 1340 3087 liber
1364 3014 1558 3111 expliciats
1567 3012 1735 3111 feliciter

326 3162 452 3218 octauo
479 3142 640 3241 Augusti
664 3140 950 3215 MCCCLVIII.
965 3139 1055 3239 fuit
1104 3140 1298 3211 Bernertsis
1320 3136 1396 3210 III.
1432 3136 1507 3233 (M.
1529 3138 1561 3210 S.
1580 3139 1620 3213 A.
1648 3139 1730 3235 70.)

324 3264 482 3370 singulis
499 3265 639 3339 libellis
661 3262 703 3336 hi
725 3262 828 3336 tit-uli
849 3261 1022 3365 inscripti
1034 3275 1149 3334 sunt:
1178 3259 1309 3335 bellum
1329 3253 1599 3345 Catilinarium,
1617 3264 1660 3335 B.
1671 3263 1735 3335 Iu·

317 3393 551 3493 gurtlrinunr,
580 3392 617 3465 C.
643 3389 763 3485 Crispi
784 3388 888 3485 adp.
913 3411 942 3459 c.
966 3391 1004 3458 in
1026 3384 1237 3459 Ciceronem
1262 3390 1389 3482 incipit
1406 3391 1595 3460 insecura-.-
1618 3388 1671 3460 M.
1690 3385 1730 3458 T.
1804 3372 1812 3384 ’

328 3515 514 3591 Ciceronis
537 3516 588 3587 ad
604 3542 639 3611 p.
659 3538 689 3585 c.
711 3512 906 3593 invectiva,
923 3526 958 3582 et
977 3508 1030 3580 M.
1051 3508 1092 3580 T.
1117 3507 1155 3581 C.
1173 3513 1212 3580 in
1232 3508 1426 3581 Catilinam
1446 3508 1499 3582 ad
1513 3536 1548 3607 p.
1566 3534 1595 3582 a.
1616 3514 1734 3585 inrec-

321 3644 404 3714 tiua
454 3640 569 3711 Hunc
592 3634 772 3710 S'innerus
801 3659 878 3707 saec.
907 3632 989 3706 XV.
1012 3631 1053 3705 in
1080 3629 1245 3735 plagulis
1266 3630 1520 3705 Membraneis
1549 3648 1587 3706 et
1616 3630 1735 3707 Char·

325 3762 438 3836 taceis
458 3761 583 3834 mixtis
605 3759 790 3861 scriptum
814 3782 888 3831 esse
913 3755 1065 3847 statuit3
1097 3754 1163 3829 sed
1179 3752 1409 3830 Chartacens
1427 3772 1498 3846 est,
1521 3772 1639 3858 atque
1663 3754 1727 3830 de-

326 3884 451 3959 terior.
471 3883 664 3957 Librarius
682 3882 721 3954 id
741 3881 904 3955 maxime
924 3878 1035 3982 egisse
1054 3877 1223 3968 ridetur,
1248 3893 1308 3967 ut,
1331 3877 1401 3951 ubi
1413 3878 1626 3952 Salustiana
1651 3904 1733 3955 ora·

213 3987 215 3995 .
325 4008 379 4085 tio
396 4034 419 4082 a
441 4006 587 4108 vulgari
608 4002 791 4107 loquendi
809 4028 882 4078 usu
894 4001 1098 4105 discrepat,
1118 3996 1202 4075 haec
1217 4015 1392 4075 mutaret.
1417 3998 1730 4106 Ort'nograpbiae,

323 4159 443 4237 qnam
472 4146 620 4205 secutus
643 4144 714 4218 est,
747 4126 829 4201 haec
859 4123 1030 4229 exempla
1057 4122 1211 4198 notaui:
1233 4148 1446 4210 accersere,
1471 4150 1620 4208 cocum,
1645 4151 1733 4199 cort-

324 4266 482 4361 sumpta,
507 4257 672 4337 harena,
698 4251 932 4333 adalesoens,
950 4253 1125 4333 aenean,
1149 4248 1369 4351 letificare,
1384 4253 1598 4333 nutriverat,
1618 4254 1731 4326 arnic-
