3850 4867
1516 317 1584 392 135
1628 377 1633 390 .

193 504 299 566 tanta
336 496 585 601 temperantia
626 499 728 576 inter
761 494 1010 576 ambitionem
1046 461 1302 604 saevitiamque
1327 491 1585 574 moderatum.
1718 521 1723 526 ·

188 613 363 720 Namque
395 620 519 696 edicto
554 624 723 726 primum
738 623 959 700 adiumenta
987 622 1146 730 ignavioe
1171 619 1361 700 sustulisse
1379 633 1393 695 ε’
1412 645 1462 696 ne
1475 617 1586 722 'quis

184 763 313 838 ‘quam
337 741 380 817 in
406 744 535 820 castris
550 772 691 850 panem
711 761 781 824 aut
794 774 910 850 quem
925 748 1047 824 alium
1063 763 1214 826 coctum
1238 746 1367 822 eibum
1387 741 1586 836 venderet3

189 887 242 935 ne
258 861 346 938 lixae
364 868 570 942 exercitum
585 867 851 973 sequerentur,
874 899 924 947 ne
946 872 1053 947 miles
1063 872 1257 976 ¹gregarius
1278 871 1318 944 in
1350 865 1477 944 'castris
1493 885 1586 940 nere

190 983 235 1058 in
261 988 412 1091 agmine
439 1016 589 1068 servum
614 1010 683 1068 aut
715 994 932 1072 iumentum
962 993 1138 1088 haberet3
1171 993 1301 1068 ceteris
1318 989 1403 1066 ¹arte
1428 989 1586 1064 modum
1669 975 1675 1002 ¹

185 1109 368 1186 statuisse„
411 1116 589 1190 Praeterea
629 1118 846 1194 transvorsis
871 1113 1089 1193 itineribus
1105 1117 1243 1193 cotidie
1271 1132 1390 1191 castra
1421 1138 1586 1200 movere,

188 1231 296 1307 iuxta
316 1260 362 1308 ac
384 1235 416 1310 si
435 1233 558 1313 hostes
576 1238 762 1332 adessent,
788 1241 888 1318 vallo
905 1235 1021 1344 atque
1041 1235 1135 1316 fossa
1157 1241 1309 1315 munire
1324 1295 1333 1330 ,
1350 1237 1495 1342 vigilias
1508 1262 1586 1314 ora-

187 1355 277 1430 bras
304 1383 446 1459 ponere
470 1377 508 1435 et
529 1387 590 1436 eas
610 1361 689 1466 ipse
713 1391 803 1440 eum
828 1364 957 1469 legatis
987 1364 1217 1440 circumire:
1256 1363 1348 1437 item
1371 1360 1413 1433 in
1437 1359 1585 1464 agmine

189 1477 233 1552 in
267 1480 401 1582 primis
427 1483 561 1575 modo,
584 1484 699 1561 modo
719 1489 760 1563 in
784 1480 1004 1592 postremis,
1022 1513 1118 1591 saepe
1133 1487 1179 1594 in
1213 1485 1337 1562 medio
1359 1484 1505 1572 adesse,
1538 1507 1587 1558 ne

187 1601 380 1706 quispiam
405 1605 538 1682 ordine
566 1609 821 1713 egrederetur,
854 1611 913 1685 uti
940 1637 1031 1686 oum
1057 1611 1171 1715 signis
1192 1601 1406 1711 frequentes
1437 1603 1585 1681 inoede·

187 1741 303 1815 rent,
335 1727 442 1804 miles
467 1729 597 1804 cibum
626 1748 665 1806 et
693 1759 798 1808 arma
824 1750 1003 1837 portaret.
1046 1737 1103 1807 Ita
1132 1721 1373 1836 prohibendo
1399 1727 1587 1805 adelictis

187 1849 308 1954 magis
324 1877 442 1953 quarn
459 1852 691 1932 vindicando
712 1851 919 1932 exereitum
942 1855 1048 1931 brevi
1067 1854 1315 1930 confirmavit.
1555 1851 1558 1856 ’

290 1975 436 2050 Interea
455 1976 639 2081 Iugurtha
662 1979 748 2071 ubi,
777 2005 865 2082 quae
889 1979 1065 2054 Metellus
1094 1979 1242 2082 agebat,
1279 2003 1325 2052 ex
1347 1974 1500 2051 nunciis
1523 1973 1582 2048 ao'-
1595 1969 1634 2043 46

187 2096 309 2200 cepit;
323 2097 438 2172 simul
460 2099 507 2174 de
524 2100 743 2178 innocentia
765 2103 845 2178 eius
864 2103 1003 2178 certior
1019 2105 1146 2178 Romae
1166 2100 1305 2192 saeuis,
1329 2098 1496 2175 diffidere
1510 2095 1587 2171 suis

186 2219 301 2294 rebus
316 2245 362 2296 ac
382 2236 465 2297 tum
489 2221 644 2297 demum
663 2251 790 2302 veram
809 2225 1043 2303 deditionem
1064 2225 1186 2302 iacere
1202 2239 1359 2301 conatus
1379 2237 1440 2297 est.
1466 2217 1587 2325 Igitu'r

185 2341 328 2446 legatos
347 2341 397 2418 ad
420 2344 613 2421 consulem
638 2373 727 2425 cum
748 2347 943 2453 suppliciis
958 2349 1101 2439 mittit,
1126 2348 1193 2452 qui
1222 2343 1487 2422 tantummodo
1514 2341 1586 2445 ipsi

188 2466 396 2571 liberisque
412 2468 531 2544 vitam
557 2485 747 2572 peterent,
770 2471 846 2548 alia
870 2473 1000 2548 omnia
1025 2463 1206 2547 dederent
1233 2463 1381 2574 populo
1405 2470 1584 2542 Romano.

183 2587 262 2665 Sed
288 2589 441 2666 Metello
465 2592 542 2667 iam
565 2595 677 2670 antea
700 2594 965 2699 experimentis
991 2594 1186 2698 cognitum
1211 2608 1292 2668 erat
1318 2583 1435 2694 genus
1450 2588 1585 2666 Numi·

270 2785 342 2867 Cap.
354 2789 403 2861 45.
414 2789 511 2868 fiu'sre
522 2791 667 2873 eompnio
687 2791 755 2854 Eeo.
776 2792 879 2853 Frane.
899 2791 985 2853 Rern.
1002 2812 1027 2858 r.
1046 2792 1115 2855 vin.
1127 2811 1154 2852 r.
1172 2791 1267 2855 Suus.
1287 2781 1436 2870 laiatg.
1447 2785 1479 2846 lr.
1492 2787 1512 2846 i.
1525 2785 1552 2844 lr.
1561 2762 1585 2843 l.

183 2911 273 2951 nnn.
294 2893 374 2954 Vrat.
387 2894 450 2955 ud.
477 2895 574 2956 cuns.
584 2895 613 2956 ὅ.
624 2897 653 2969 4.
665 2919 693 2978 7.
704 2917 733 2978 9.
748 2917 793 2957 ro.
808 2915 854 2957 rr.
866 2915 912 2956 12.
937 2895 1000 2956 Bas.
1017 2896 1046 2967 4.
1066 2894 1190 2956 lierni.
1205 2894 1234 2956 3.
1253 2895 1349 2973 fuisse
1367 2914 1428 2954 om.
1448 2891 1544 2955 Gnell.
1555 2909 1585 2970 9.

184 3016 261 3055 nam
275 2995 360 3063 Febr.
379 3020 405 3057 ι.
426 2997 584 3061 Guell.12.
604 3019 799 3080 namqneom.
809 2999 877 3083 Teg.
895 3000 1026 3082 primum
1041 3001 1206 3062 vetustiores
1214 2998 1339 3058 Gmteri.
1359 2996 1420 3055 Bas.
1436 3015 1461 3056 ι.
1474 2993 1513 3066 4..
1524 2993 1587 3053 Τιι-

182 3103 241 3161 rie.
260 3099 344 3161 Bern.
356 3122 382 3161 ι.
399 3104 497 3183 primo
512 3106 607 3171 multi.
628 3125 665 3166 ns
681 3104 822 3185 qupiam
841 3104 953 3171 ureb.
964 3105 1056 3164 Mart.
1069 3115 1103 3168 Δ.
1124 3099 1269 3183 comperio
1279 3110 1348 3162 sust.
1365 3100 1445 3164 Vrat.
1462 3119 1489 3158 a.
1516 3107 1586 3158 aaut.

182 3224 281 3285 comp.
301 3205 385 3271 Fabr.
397 3227 424 3266 r.
436 3206 510 3270 sust.
522 3208 634 3269 dirim
652 3208 755 3268 Fraus.
776 3209 872 3271 Strnv.
893 3208 991 3268 Guell.
1006 3230 1035 3289 9.
1051 3229 1096 3268 ιο.
1117 3207 1198 3268 leid.
1213 3207 1234 3266 l.
1245 3204 1277 3264 h.
1292 3205 1320 3269 k.
1336 3225 1376 3264 m.
1399 3222 1482 3282 quem
1493 3200 1585 3262 alium

184 3317 305 3370 eoelum
318 3309 414 3370 eibum
433 3313 474 3371 ita
485 3315 617 3373 meliores
628 3312 710 3372 Cort.
731 3312 786 3371 cis.
800 3321 874 3372 coel.
894 3311 972 3376 Ririi
985 3312 1062 3372 libri.
1083 3313 1169 3392 pauci
1185 3328 1268 3390 prtem
1284 3328 1345 3370 orn.
1365 3309 1585 3388 venderetproe-

184 3413 262 3492 «pa
281 3413 377 3479 Goell.
390 3437 418 3495 7·
439 3416 594 3478 ιἰηίαοηι.
612 3416 708 3482 Guell.
721 3418 750 3488 4.
770 3417 877 3478 coatus
895 3415 958 3476 Bas.
974 3437 999 3477 t.
1020 3416 1104 3476 Bern.
1118 3417 1145 3477 3.
1160 3424 1187 3475 et
1201 3413 1316 3494 eosipsa
1327 3432 1393 3473 eum
1408 3411 1509 3492 legatis
1523 3408 1586 3472 eir-

182 3517 277 3578 aare.
296 3515 422 3579 ciratire
436 3523 567 3602 plerique
582 3518 664 3579 Cort.
684 3520 839 3581 eimwnira
857 3519 919 3584 Bas.
935 3541 960 3579 ι.
980 3522 1040 3584 inc.
1054 3541 1078 3578 r.
1099 3518 1204 3578 Fraus.
1223 3517 1283 3578 dno
1296 3517 1409 3580 Wauii.
1429 3515 1511 3576 Leid.
1524 3517 1545 3575 l.
1557 3525 1587 3577 et

181 3624 273 3705 pand
294 3624 344 3682 elii
356 3644 391 3683 ex
406 3623 492 3684 Pelet.
513 3625 598 3688 Paris.
612 3645 638 3683 a.
650 3645 675 3684 e.
695 3624 792 3684 Turio.
819 3622 942 3685 tems.
962 3643 1012 3684 ens
1032 3643 1093 3684 om.
1114 3622 1192 3684 vat.
1202 3622 1232 3688 3.
1253 3619 1333 3681 Leid.
1346 3617 1587 3700 nmqmpnm

181 3727 256 3791 vin.
275 3726 372 3788 Senot.
391 3727 454 3789 aas
466 3750 493 3794 r.
509 3729 609 3790 Heuss.
630 3727 726 3796 suar.
740 3749 766 3789 r.
779 3728 809 3801 4.
828 3727 948 3790 Leidl.
959 3731 981 3794 l.
1002 3736 1033 3789 ut
1048 3747 1115 3788 oum
1133 3725 1197 3787 Ber.
1215 3725 1281 3798 ι.4’.
1302 3723 1371 3786 Tur.
1391 3723 1515 3806 tregru
1528 3723 1586 3792 del.

185 3835 258 3895 aar.

267 3950 340 4033 Cap.
355 3951 405 4022 46.
425 3948 532 4010 daim
550 3944 637 4010 Rern.
651 3965 676 4005 r.
697 3945 807 4011 Febris.
822 3965 848 4006 ι.
867 3943 1013 4026 primitus.
1039 3943 1159 4006 orimur
1171 3964 1237 4007 esse.
1257 3966 1315 4008 esso
1339 3967 1400 4008 om.
1418 3943 1502 4008 Cort.
1527 3942 1587 4006 oli·

182 4081 237 4122 um
251 4057 311 4118 alio
327 4056 386 4116 div.
407 4053 469 4114 Bes.
489 4050 578 4112 aad.
599 4052 723 4111 tradunt
743 4053 812 4112 Eos.
832 4055 1008 4131 opportunos
1020 4047 1075 4110 sr'bs'
1097 4069 1184 4132 prun.
1200 4070 1262 4116 om.
1275 4051 1357 4116 Cort.
1378 4059 1474 4113 eam
1483 4049 1587 4128 palam

179 4163 283 4226 Coeli·
295 4165 324 4228 3.
346 4165 447 4225 enne.
469 4155 558 4221 leat.
578 4155 684 4223 aem.
705 4155 804 4222 Hense.
823 4155 893 4218 vu.
906 4174 934 4217 ι.
952 4153 1035 4216 Leid.
1055 4152 1199 4217 wneiore
1218 4156 1304 4218 Paris.
1317 4177 1345 4220 s.
1359 4175 1386 4221 c·
1404 4153 1501 4218 Turio.
1515 4151 1585 4236 Teg.
