3850 4867
354 247 430 336 204

354 437 433 500 stra
449 420 581 528 palam
595 419 758 500 mansne
776 453 792 498 r
808 447 903 514 aue,
926 423 987 500 rel
1003 419 1217 530 praemissis,
1245 418 1305 498 vel
1325 418 1466 498 ibidem
1488 415 1639 498 relictis
1655 415 1775 493 Mau·

356 547 431 638 ria,
454 546 581 624 selum
599 573 691 625 eum
711 545 824 624 Sulla·
842 547 1000 624 iturum
1049 548 1105 622 Ea
1124 571 1201 636 rea,
1224 542 1327 620 utin
1344 544 1413 620 tali
1428 545 1603 650 negotio,
1622 542 1777 646 proha-

359 688 398 749 ta
409 651 426 763 3¹
445 699 490 748 ac
509 673 640 750 statim
653 671 839 777 proiecti,
855 672 948 776 quia
966 672 1015 748 de
1030 669 1233 774 improviso
1254 666 1493 759 acciderant,
1505 669 1636 745 dubio
1652 685 1782 772 atque

360 793 559 874 haeaitante
578 795 786 902 Iugurtha,
804 795 1014 872 incolumes
1036 811 1243 872 transeunt
1292 793 1443 870 Deinde
1457 795 1588 899 paucis
1604 793 1782 884 diebus,

296 929 439 1026 ratque
471 921 527 996 ire
556 920 825 1012 intenderant,
845 938 1073 1026 peremtum
1104 935 1166 996 est
1216 917 1277 996 lbi
1300 945 1389 994 cum
1420 915 1567 996 Boccho
1588 919 1782 996 Numida

359 1043 538 1150 quidam,
549 1049 671 1150 Aspar
685 1044 858 1133 nomine,
878 1045 1048 1121 multum
1060 1060 1099 1121 et
1118 1043 1359 1122 familiariter
1375 1043 1528 1149 agebat:
1546 1045 1782 1148 praemissua

359 1171 409 1246 ab
427 1168 631 1278 Iugurtha,
654 1185 856 1274 postqrum
868 1168 1015 1244 Sullam
1034 1169 1200 1245 accitum
1219 1170 1411 1262 audierat,
1427 1183 1556 1245 orator
1567 1187 1608 1244 et
1622 1171 1781 1246 subdo-

359 1296 397 1372 le
407 1295 646 1400 speculatum
663 1293 802 1370 Bocchi
817 1293 994 1369 consilia:
1015 1310 1195 1398 praeterea
1208 1295 1361 1385 Dabar,
1375 1293 1632 1400 Massugradae
1649 1293 1782 1387 filius,

360 1447 406 1494 ex
431 1436 542 1524 gente
563 1418 788 1509 Masinissae,
810 1434 979 1494 aeterum
1007 1434 1180 1494 materno
1208 1445 1343 1523 genere
1369 1419 1511 1523 impar,
1536 1446 1634 1498 nam
1662 1439 1782 1527 pater

360 1544 442 1618 eiua
463 1569 508 1618 ex
527 1542 865 1618 concubinatorum
886 1558 986 1634 erat3
1007 1542 1144 1618 Mauro
1164 1543 1214 1619 ob
1237 1543 1380 1649 ingenii
1397 1544 1518 1620 multa
1532 1546 1640 1622 bona
1660 1575 1782 1624 carus

362 1683 613 1772 acceptusque
633 1700 645 1740 z
667 1693 782 1770 quem
801 1663 972 1742 Bocchus
993 1663 1115 1740 fidum
1127 1691 1201 1742 esse
1217 1667 1397 1744 Romanis
1412 1667 1542 1745 multis
1564 1676 1663 1750 ant'e
1680 1690 1781 1750 tem·

360 1791 568 1897 pestatibus
587 1809 763 1900 expertus
774 1851 789 1882 ,
808 1792 917 1868 illico
937 1789 989 1864 ad
1011 1788 1157 1866 Sullam
1171 1790 1402 1866 nunciatum
1418 1793 1555 1885 mittit,
1580 1815 1777 1902 paratum

360 1915 597 2006 sese-faeere,
618 1917 882 2021 maaepopulus
900 1916 1093 1990 Romanus
1106 1913 1245 1990 vellet:
1274 1913 1466 2019 colloquio
1479 1919 1601 2010 diem,
1621 1921 1779 2012 locum,

360 2057 510 2146 tempus
529 2041 609 2146 ipae
630 2039 843 2144 delegerat:
870 2038 1133 2114 consultaseae
1160 2040 1289 2114 omnia
1310 2067 1400 2116 cum
1428 2041 1494 2118 illo
1526 2043 1681 2152 integra
1705 2045 1776 2121 ha·

360 2165 467 2252 bere,
493 2189 572 2240 neu
591 2160 787 2268 Iugurthae
800 2162 969 2268 legatum
988 2161 1287 2268 pertimesceret,
1310 2191 1389 2269 qao
1412 2193 1469 2244 res
1483 2173 1707 2250 communis
1729 2173 1774 2245 li-

362 2288 510 2365 centius
517 2302 710 2394 gereretur
715 2318 727 2382 3
744 2313 837 2363 nam
851 2288 900 2362 ab
915 2287 1061 2364 insidiis
1076 2287 1157 2364 eius
1174 2288 1286 2365 aliter
1301 2317 1430 2368 cavere
1446 2293 1672 2397 nequivisse.
1699 2295 1773 2372 Sed

363 2439 430 2518 ega
458 2411 688 2516 comperiar,
711 2409 906 2490 Bacchum
933 2413 1052 2519 magis
1085 2413 1230 2490 Punica
1261 2411 1336 2492 fide
1361 2443 1480 2521 quam
1504 2419 1562 2496 oh*
1582 2447 1654 2514 ea,
1678 2446 1768 2526 quae

363 2667 478 2728 Vim.
498 2663 579 2732 Vral.
594 2688 621 2728 r.
637 2685 666 2728 a.
686 2662 792 2732 Frena.
811 2665 871 2727 llrl.
889 2665 960 2727 Tur.
981 2664 1042 2726 Bar.
1054 2666 1087 2739 d.
1103 2666 1177 2730 Eae..
1190 2667 1293 2734 Strur.⁴
1305 2668 1357 2733 dc.
1388 2671 1544 2736 caelen.
1563 2675 1645 2739 leid.
1658 2679 1692 2738 k.
1711 2678 1769 2738 ali-

364 2780 437 2851 quot
450 2779 481 2830 a!
496 2770 627 2837 addunt..
641 2773 760 2832 eredere
779 2791 840 2832 om.
861 2771 945 2854 Berg.
974 2772 1162 2851 autfertum
1180 2773 1249 2838 Vin.
1266 2795 1292 2835 r.
1314 2797 1355 2836 m.
1363 2797 1408 2858 pr.
1429 2777 1514 2840 Febr.
1530 2802 1554 2850 ι,
1576 2780 1627 2844 lle.
1648 2785 1720 2846 Seu.
1737 2803 1763 2848 r.

364 2875 465 2936 Heura.
485 2875 553 2938 Ere.
574 2875 705 2942 caelas.
727 2878 820 2955 factu
841 2878 938 2936 ceteri.
950 2879 1044 2953 fietu
1069 2897 1130 2937 om.
1149 2875 1218 2938 Tur.
1245 2879 1343 2942 medin
1363 2893 1468 2944 eastra.
1479 2885 1549 2952 Tur.
1578 2890 1709 2968 pmbata
1726 2896 1767 2949 est

362 2979 485 3048 Leidh.
497 2981 612 3047 d.l.m.
632 2980 735 3051 ΒΜ.
753 2980 906 3042 accideret
925 2980 1023 3041 Guelf.
1035 2981 1064 3052 d.
1086 2981 1171 3047 llem.
1190 2985 1295 3047 Vinar.
1307 3007 1333 3045 r.
1355 2988 1504 3057 Femina.
1522 2993 1641 3058 Vtatr.
1663 3000 1762 3058 franc.

362 3086 413 3147 lle.
434 3086 516 3148 Leid.
529 3107 612 3147 m.n.
632 3089 673 3149 aie
687 3087 827 3149 llarhA.
848 3077 974 3168 quatuor
983 3085 1110 3148 Parisini.
1130 3086 1215 3148 Bern.
1237 3111 1262 3150 ι.
1282 3092 1454 3154 aeciderunt
1473 3095 1557 3158 Febr.
1577 3119 1602 3159 1.
1621 3099 1721 3162 Senat.
1739 3120 1764 3158 ι.

361 3187 444 3273 Berg.
462 3191 658 3256 sammaa.
678 3212 705 3256 2.
727 3191 826 3252 Guell.
840 3195 904 3254 nl.
915 3191 946 3250 6.
954 3213 984 3272 9.
999 3211 1104 3257 rear..
1118 3211 1164 3253 ra.
1184 3191 1399 3261 Leid.a.l.h.i.
1411 3199 1441 3266 k.
1468 3201 1559 3262 Mari.
1578 3217 1607 3269 r.
1636 3222 1761 3268 eamne

323 3345 327 3354 .
361 3304 434 3356 runt
453 3294 528 3355 Edd.
542 3305 611 3358 vett.
631 3293 804 3356 nceeuerint
822 3295 944 3358 flavere.
965 3315 1022 3376 qrco
1034 3294 1225 3358 intenderant
1244 3297 1314 3360 Tur.

445 3441 529 3527 Cap..
542 3449 611 3508 108.
637 3448 761 3508 multum
780 3447 972 3528 {familr'alr'ler
999 3449 1073 3511 Ere..
1101 3449 1199 3512 Guell.
1219 3473 1244 3512 ι.
1261 3453 1290 3514 6.
1307 3474 1363 3514 ιι..
1382 3455 1559 3538 specularum
1581 3468 1644 3524 ela..
1666 3457 1759 3522 Cudd.

363 3569 451 3632 quam
474 3553 599 3612 maxime
613 3554 746 3624 variant,
765 3554 816 3614 alii
834 3555 997 3634 aprutlator
1010 3559 1132 3639 legunt,
1149 3557 1200 3617 alii
1218 3558 1311 3632 r'erat,
1325 3569 1463 3632 venerut,
1483 3561 1621 3624 audierat
1638 3565 1755 3626 addunt

363 3665 561 3716 mater-nale
577 3665 649 3717 erat·
662 3657 765 3719 Frank.
786 3657 991 3721 Straullead.
1013 3659 1148 3722 Guell..1.
1160 3661 1189 3732 d.
1205 3684 1249 3728 ιι.
1270 3663 1422 3748 [εἱά.α.3.
1436 3663 1466 3726 h.
1480 3667 1636 3732 d.a.rn.n.
1658 3671 1715 3737 Pal.
1732 3669 1757 3728 5.

363 3761 392 3820 6.
413 3761 525 3826 droud.
544 3760 641 3822 Turio.
660 3759 723 3821 Bae.
736 3763 766 3834 d.
785 3773 910 3824 maler-
922 3774 990 3824 orta
1004 3775 1069 3826 orat
1087 3767 1191 3831 Vinar.
1211 3767 1350 3834 Senam.
1371 3770 1470 3833 Heuaa.
1491 3774 1551 3834 ine.
1567 3794 1594 3834 a.
1616 3773 1713 3838 Gnell.
1728 3799 1753 3858 7.

361 3864 442 3925 leid.
454 3866 482 3926 k.
504 3865 590 3929 Palat.
600 3887 628 3948 7.
648 3864 809 3932 Bern.1.3.
831 3878 1003 3948 mmparer.
1024 3890 1096 3930 nam
1115 3890 1176 3932 om.
1197 3873 1265 3940 San.
1281 3893 1308 3934 a.
1329 3875 1438 3937 Hense..
1438 3879 1541 3954 fidum
1553 3899 1619 3941 esre.
1631 3901 1754 3950 eunom,

360 3968 464 4030 Frena.
486 3968 566 4030 Leid.
581 3992 621 4032 m.
643 3981 712 4033 aare
733 3971 847 4033 Gruteri
859 3975 999 4038 melioret.
1021 3973 1121 4046 ΒΜ.
1141 3985 1230 4036 antea
1251 3977 1345 4040 Cottii
1355 3981 1432 4043 libri.
1453 3983 1532 4046 allino
1554 4007 1614 4045 om.
1636 3985 1751 4050 Barna·

360 4076 403 4137 ud
415 4072 528 4134 Sullam
541 4076 679 4137 mnrium
697 4077 777 4136 Vrat.
789 4099 815 4137 a.
835 4077 983 4156 delegaret
997 4079 1067 4138 Vin.
1082 4101 1107 4138 1.
1127 4079 1240 4142 Fabric.
1251 4104 1277 4142 ι.
1298 4082 1431 4148 Guelld.
1440 4109 1468 4168 9.
1490 4090 1622 4150 consulto
1642 4091 1748 4155 Fabrir.

363 4202 390 4244 t.
410 4180 477 4241 Seu.
491 4201 519 4242 r.
538 4200 676 4264 muna.
697 4180 765 4246 Vin.
781 4202 808 4246 a.
827 4181 926 4242 lleuaa.
947 4182 1041 4248 saue.
1062 4183 1141 4250 Vnt.
1154 4205 1180 4247 ι.
1190 4185 1220 4247 3.
1241 4185 1338 4254 Guels.
1349 4189 1378 4250 3.
1388 4190 1416 4262 l.
1427 4213 1456 4274 9.
1477 4177 1598 4260 Palatia.
1613 4201 1749 4260 meliores·
