3850 4867
390 232 440 321 48

339 413 379 486 ts
393 423 457 483 tur
479 408 556 513 ipse
579 412 737 514 propius
761 413 971 489 accedere.”
1002 415 1070 490 His
1093 418 1205 492 nebus
1224 417 1276 492 ite
1300 419 1419 508 actis,'
1440 419 1646 495 constituta
1670 435 1787 508 nocte,

386 561 464 636 qua
484 533 830 637 proficiscerentur,
857 537 1002 626 Cicero,
1025 565 1094 641 per
1121 539 1260 643 legatos
1284 559 1423 616 cuncta
1447 543 1622 632 edoctus,
1647 547 1689 616 1.
1718 547 1789 616 Va-

321 685 324 692 ’
384 656 480 733 lerio
495 656 632 734 Flacco
649 675 687 734 et
701 661 739 734 G
757 661 959 764 Pomptino
973 663 1199 738 Praetoribus
1219 664 1398 769 imperat,
1416 666 1475 740 uti
1493 667 1535 740 in
1552 684 1674 770 ponte
1688 667 1785 740 Mul-

385 781 447 856 vio
463 809 531 885 per
550 782 705 858 insidias
723 783 972 889 Allobrogum
988 787 1190 861 comitatus
1202 787 1512 892 deprehendant:
1539 815 1619 865 rem
1633 816 1785 865 omnem

385 905 526 1009 aperit,
552 907 660 982 cuius
682 907 801 1012 gratia
820 909 1090 1003 mittebantur3
1113 927 1254 1002 cetera,
1286 913 1347 987 uti
1370 913 1470 988 fecto
1499 937 1595 1017 opus
1626 913 1705 1003 sit,
1738 915 1787 988 ita

384 1047 517 1136 agant,
541 1031 739 1135 permittit.
790 1032 852 1109 Illi
878 1031 1052 1108 homines
1076 1032 1279 1124 militaret,
1301 1035 1384 1110 siue
1406 1037 1577 1112 tumultu
1605 1035 1787 1141 presidiis

384 1155 593 1246 collocatis,
618 1155 731 1232 sicuti
750 1174 983 1261 praeoeptum
996 1173 1096 1248 erat,
1122 1158 1271 1234 occulte
1288 1176 1447 1263 pontem
1465 1161 1657 1238 obsidunt
1687 1164 1785 1236 Post·

384 1307 503 1383 quam
523 1279 572 1356 ad
593 1279 634 1356 id
646 1281 720 1356 loci
744 1281 856 1386 legati
878 1309 969 1358 cum
987 1282 1187 1358 Volturcio
1212 1309 1366 1374 venere,
1391 1300 1431 1359 et
1451 1285 1565 1360 simul
1589 1285 1783 1388 utrimque

384 1405 530 1480 clamor
546 1421 696 1480 exortus
713 1421 784 1498 est3
810 1405 934 1496 Gelli,
963 1406 1040 1482 cito
1064 1407 1216 1511 cognito
1246 1408 1427 1497 consilio,
1451 1409 1533 1484 sine
1557 1436 1667 1484 mora
1691 1433 1784 1513 prte-

386 1529 531 1604 toribus
554 1555 592 1604 sc
617 1529 784 1606 tradunt.
822 1531 1043 1606 Volturcius
1068 1530 1216 1634 primo,
1240 1529 1460 1607 cohortatus
1476 1549 1633 1622 ceteros,
1657 1531 1783 1639 gladio

382 1679 471 1730 tea
505 1653 757 1730 multitudine
793 1653 986 1746 delendit3
1009 1653 1170 1744 deinde,
1206 1653 1320 1729 ubia
1353 1655 1483 1759 legatis
1518 1655 1687 1731 desertus
1710 1673 1783 1742 est,

335 1819 339 1834 ·
383 1779 505 1856 multa
530 1779 637 1884 prius
655 1778 704 1854 de
730 1779 852 1854 salute
873 1804 940 1853 suu
959 1776 1209 1880 Pomptinum
1241 1778 1466 1869 obtestatus,
1490 1779 1598 1881 quod
1619 1779 1656 1854 ei
1674 1795 1782 1854 notus

381 1918 484 1996 eret3
515 1920 704 2007 postremo
733 1901 908 1990 timidus,
941 1928 986 1975 ac
1011 1900 1098 1976 vitae
1133 1899 1307 1976 diffidens
1334 1902 1439 1977 velut
1467 1901 1673 1999 hostibus,
1713 1935 1784 1986 sese

331 2027 608 2115 ltPraetoribus
632 2024 747 2100 dedit.
800 2025 952 2121 Quibus
987 2024 1099 2099 rebus
1122 2024 1331 2114 confectis,
1364 2025 1494 2101 omnia
1524 2053 1687 2130 propere
1718 2063 1782 2138 per

380 2151 537 2228 nuntios
561 2148 718 2226 Cousuli
745 2148 997 2224 declarantur.
1031 2153 1082 2222 At
1105 2147 1218 2223 illum
1240 2148 1372 2252 ingens
1394 2176 1488 2224 cura
1514 2167 1631 2251 atque
1652 2158 1777 2233 laetitia

379 2276 494 2352 simul
519 2297 770 2376 occupavere;
796 2299 887 2346 nam
917 2272 1134 2360 luctabatur,
1160 2271 1406 2378 (intelligens)
1428 2273 1698 2350 coniuratione
1717 2303 1779 2378 pa·

383 2399 541 2488 talieta,
577 2397 769 2473 civitatem
800 2395 979 2501 periculis
1008 2413 1182 2500 ereptam
1210 2422 1315 2471 esse:
1348 2423 1463 2500 porro
1488 2412 1617 2471 autem
1648 2398 1778 2473 auxius

462 2600 535 2682 Cap.
554 2601 603 2674 45.
633 2611 740 2662 cuncto
762 2601 874 2660 bour.
902 2600 987 2659 Rem.
1003 2621 1029 2660 2.
1051 2598 1147 2660 Guell.
1161 2621 1190 2682 9.
1216 2599 1373 2680 Pomptino
1393 2599 1491 2660 Guelf.
1508 2601 1535 2664 5.
1565 2599 1641 2659 Poris
1659 2624 1688 2662 u.
1706 2627 1733 2664 c.
1749 2602 1776 2663 d.

377 2710 447 2770 Tur.
462 2730 488 2768 1.
510 2729 549 2766 m.
567 2728 623 2770 soc.
643 2707 693 2766 ted
709 2709 740 2768 in
760 2705 818 2765 hoc
832 2707 953 2766 nomine
969 2705 1037 2765 libri
1056 2715 1176 2786 mscrpt.
1198 2726 1286 2785 quem
1303 2708 1428 2765 maxime
1443 2705 1567 2768 variant.
1596 2704 1775 2791 Promptum.

377 2819 410 2876 in
437 2817 537 2874 multis
561 2815 715 2874 meliorum
733 2813 856 2892 legitur,
884 2811 971 2870 ceteri
992 2812 1151 2892 genuinum
1178 2813 1333 2869 lectionem
1358 2810 1449 2891 magis
1471 2794 1557 2868 etiam
1578 2825 1775 2894 corrumpunt

378 2919 544 2983 Pontinius.
565 2917 618 2982 Ed.
635 2917 717 2978 Har.
730 2915 850 2978 Mulvio.
872 2917 1005 2976 melioret
1016 2913 1094 2994 libri.
1114 2913 1195 2974 cuius
1210 2913 1255 2974 rei
1267 2914 1378 2993 gratia.
1399 2913 1496 2973 Gucll.
1513 2933 1559 2978 η.
1586 2914 1684 2992 plum
1696 2913 1776 2971 bivii.

377 3027 457 3088 hid.
473 3048 499 3091 a,
521 3045 566 3086 oo.
579 3045 627 3103 gr.
645 3023 696 3086 rei.
719 3021 798 3079 leid.
812 3021 842 3080 d.
868 3019 1013 3100 permittit
1028 3019 1094 3078 iltis.
1113 3039 1215 3078 omncs
1235 3021 1292 3078 lero
1312 3018 1389 3078 libri.
1417 3015 1476 3077 itti.
1493 3019 1577 3076 omis.
1599 3017 1660 3076 Bru.
1679 3039 1707 3079 π.
1728 3017 1776 3076 illi.
1822 3085 1827 3091 .

377 3133 620 3198 Guell.8.ct11.
643 3148 683 3190 m.
699 3146 743 3206 pr.
764 3124 849 3183 Febr.
865 3143 971 3188 m.scc.
997 3125 1095 3204 plures
1104 3124 1217 3184 Waesii.
1238 3123 1307 3188 Tur.
1326 3145 1351 3188 ι.
1372 3144 1413 3182 m.
1428 3143 1475 3203 pr.
1495 3121 1620 3180 dt'mt'ltit
1638 3141 1706 3181 cum
1723 3121 1777 3212 illis·

378 3239 459 3298 bom.
479 3235 541 3294 mil.
563 3232 609 3292 illi
620 3231 704 3291 siout.
724 3230 788 3288 Bos.
804 3231 832 3300 l.
866 3229 921 3288 bis.
944 3229 1065 3288 Parice.
1100 3228 1241 3287 obsident.
1266 3228 1351 3286 Paris.
1370 3227 1400 3286 b.
1421 3249 1447 3291 c.
1473 3225 1534 3285 But.
1552 3247 1579 3290 2.
1608 3227 1692 3286 Beru.
1713 3249 1736 3285 ι.
1750 3225 1775 3285 3.

376 3319 429 3404 aiii
440 3341 507 3400 libri
517 3357 629 3400 verwre.
645 3334 753 3395 itallae.
771 3355 796 3397 1.
816 3334 865 3392 olii
882 3341 1035 3392 venerunt.
1055 3334 1093 3391 ite
1104 3351 1205 3390 omnes
1217 3331 1298 3389 Leid.
1319 3331 1381 3390 Bes.
1395 3351 1424 3390 π.
1435 3329 1464 3391 3.
1478 3330 1506 3400 d.
1526 3330 1596 3390 Tur.
1610 3352 1636 3390 r.
1650 3333 1774 3393 veniunt.

380 3447 440 3506 duo
450 3445 562 3506 Wassii.
582 3450 609 3500 et
620 3439 708 3500 simut
717 3464 724 3495 ε
745 3447 774 3496 ct
787 3438 870 3496 omis.
893 3437 942 3496 lc.
964 3436 1025 3499 Bas.
1038 3435 1067 3495 3.
1087 3447 1143 3494 tres
1159 3435 1256 3494 Gucll.
1278 3435 1346 3494 cito.
1368 3434 1444 3494 delet
1454 3433 1567 3494 Pulscb.
1582 3455 1638 3497 nec
1653 3437 1776 3520 agnoscit

380 3547 517 3612 Guell.3.
539 3547 622 3606 bern.
636 3567 660 3604 ι.
682 3544 798 3604 deinde.
819 3562 921 3600 omues
935 3541 1116 3599 Cortiilibri.
1138 3539 1217 3598 dein.
1241 3537 1357 3599 Gruter.
1376 3540 1478 3598 edidit.
1500 3550 1528 3598 et
1542 3541 1582 3598 ito
1596 3541 1676 3601 leid.
1688 3547 1774 3623 legere

379 3614 525 3718 ridentur.
553 3650 621 3710 vile
637 3667 704 3712 sttoe.
726 3647 822 3705 Gucll.
836 3667 863 3725 7.
879 3647 908 3704 8.
929 3645 988 3702 Erl.
1008 3643 1089 3702 Leid.
1102 3664 1142 3701 m.
1162 3641 1291 3706 Bern.1.
1313 3643 1400 3701 velut.
1414 3663 1515 3703 omnes
1525 3644 1587 3702 Bac.
1605 3646 1688 3705 Leid.
1711 3645 1773 3703 Tur.

372 3745 409 3820 ¹r.
430 3757 514 3818 bern.
535 3777 562 3816 2.
580 3753 607 3814 3.
628 3754 725 3816 oblerl.
740 3759 789 3809 eet.
812 3749 873 3806 Bas.
890 3747 919 3808 3.
941 3769 996 3829 pro
1010 3747 1109 3816 dedit,
1124 3747 1227 3806 tradit.
1248 3747 1307 3806 Erl.
1328 3747 1426 3806 Guell.
1445 3750 1472 3818 4.
1490 3769 1535 3807 to.
1556 3749 1636 3809 leid.
1653 3751 1673 3808 l.
1689 3749 1720 3808 b.

359 3975 362 3980 .
441 3927 517 4008 Cap.
535 3927 583 4000 lli.
605 3924 777 3990 letabatur,
798 3917 989 3996 intelligens·
1001 3913 1109 3974 amito
1125 3923 1207 3986 erut,
1228 3915 1389 3976 dubitans.-
1416 3920 1571 3998 participia
1590 3937 1693 3979 omncs
1712 3917 1772 3980 libri

380 4034 571 4104 tetinentniei
589 4029 669 4110 quod
684 4026 779 4085 Gucll.
799 4025 826 4082 5.
848 4022 1014 4100 intellegens
1029 4019 1192 4078 letabatur.
1214 4041 1284 4101 opru
1298 4022 1345 4080 rit.
1366 4022 1451 4081 Febr.
1467 4034 1562 4104 uterq.
1588 4021 1650 4082 Bae
1664 4044 1691 4084 α.
1710 4023 1771 4084 un.

384 4165 410 4208 t·
433 4140 529 4202 Guell.
543 4137 572 4198 ὅ.
587 4157 614 4218 7.
634 4133 702 4215 Teg.
714 4131 787 4209 sore
799 4127 934 4192 eradebat
947 4153 954 4184 .·
966 4127 1041 4202 sore
1055 4125 1193 4188 omissum
1209 4127 1241 4186 in
1259 4125 1357 4190 Gucll.
1379 4149 1423 4190 ιο.
1452 4129 1580 4209 itemquo
1602 4125 1770 4209 caeparum
