3850 4867
306 1562 400 1655 DE
471 1557 880 1675 CODlClBUS
949 1554 1460 1672 SALUSTIANIS‚

834 1756 920 1831 QUI

191 1937 253 2012 IN
311 1936 737 2013 BIBLIOTHECIS
797 1937 1061 2013 ITALICIS
1110 1934 1545 2013 AssEuvANTuu

566 2141 1178 2187 ψ

266 2423 383 2522 Quod
407 2423 477 2500 diu
495 2422 538 2498 in
563 2422 702 2525 optatis
723 2421 872 2512 fuerat,
893 2439 939 2497 ut
961 2439 1080 2498 totam
1101 2422 1253 2497 ltaliam
1271 2446 1512 2531 peragrarem
1530 2435 1569 2496 et

165 2541 367 2617 literarum
382 2541 601 2643 artiumque
621 2556 891 2629 monumenta,
916 2540 1058 2641 quibus
1071 2540 1264 2630 abundat,
1288 2538 1409 2614 oculis
1422 2536 1568 2641 perlus-

167 2673 323 2744 trarem,
337 2658 377 2733 id
396 2652 494 2731 mibi
514 2655 872 2761 contigitbenelicio
893 2655 1203 2759 magistratuum,
1228 2656 1298 2756 qui
1313 2652 1567 2729 humanitatis

162 2774 305 2864 studia,
316 2775 346 2849 si
361 2776 488 2850 minus
499 2774 615 2879 regali
626 2770 910 2860 munificentia,
926 2770 1075 2845 liberali
1085 2788 1185 2846 certe
1198 2770 1352 2875 ingenio
1362 2770 1482 2845 aluno
1494 2772 1566 2845 Per

164 2890 341 2993 quinque
352 2890 529 2995 deinceps
544 2914 687 2964 menses
700 2888 741 2963 in
762 2886 1075 2992 splendidissimis
1093 2886 1213 2962 Italiae
1226 2886 1406 2975 urbibus,
1422 2885 1567 2964 Medio·

164 3005 267 3096 lani,
281 3008 450 3082 Veneriis
461 3064 471 3097 ,
483 3006 645 3097 Patavii,
659 3004 856 3095 Bononiae,
871 3004 1093 3095 Florentiae,
1107 3006 1236 3078 Romae
1248 3019 1287 3079 et
1294 3002 1453 3107 Neapoli
1463 3028 1565 3077 com·

163 3138 351 3213 moratus,
369 3150 450 3198 non
465 3124 590 3198 solum
611 3123 662 3198 nd
679 3122 771 3197 situs
784 3122 958 3196 locorum
975 3118 1257 3223 hominumque
1273 3143 1394 3195 mores
1411 3143 1565 3224 cognos-

164 3239 328 3330 cendos,
349 3240 550 3315 sedetiam
577 3239 627 3313 ad
647 3238 791 3313 artium
815 3253 1067 3312 monumenta
1088 3235 1297 3341 spectanda
1317 3253 1356 3311 et
1377 3236 1564 3337 antiquis·

161 3354 277 3430 simos
299 3355 445 3430 codices
463 3354 735 3431 examinandos
757 3354 881 3429 otium
899 3352 1028 3428 habui.
1061 3353 1134 3428 Sed
1154 3379 1204 3429 ne
1215 3352 1331 3427 nimis
1351 3352 1428 3429 alta
1449 3369 1488 3427 et
1502 3378 1563 3428 ar-

162 3469 243 3546 dua
267 3487 449 3574 appetens
471 3500 625 3547 omnem
655 3471 797 3547 laboris
817 3470 988 3545 fructum
1014 3468 1232 3575 perderem,
1258 3468 1359 3544 nihil
1380 3468 1560 3573 quidem,

160 3586 270 3691 quod
288 3587 371 3662 visu
390 3588 553 3693 dignum
573 3605 684 3680 esset,
705 3588 892 3677 omittere,
918 3586 983 3663 sed
1000 3586 1216 3691 plurimum
1230 3586 1348 3663 studii
1362 3586 1404 3662 in
1423 3586 1566 3661 codici·

162 3703 236 3778 bus
267 3703 488 3780 salustianis
520 3704 760 3807 inquirendis
802 3720 839 3779 et
871 3701 1106 3778 excutiendis
1144 3728 1367 3779 consumere
1403 3701 1560 3805 placuit
1647 3738 1651 3745 ·

161 3818 262 3895 Nem
288 3820 335 3896 de
364 3821 499 3927 signis,
522 3822 654 3897 statuis
682 3821 890 3923 ceterisque
910 3818 1053 3895 artium
1083 3819 1342 3896 monumentis
1370 3844 1564 3894 commen·

164 3936 259 4027 tari,
284 3937 390 4040 quod
416 3955 545 4013 nostra
572 3954 682 4013 aetote
713 3938 829 4012 multi
864 3938 906 4014 iu
937 3937 1118 4013 laudibus
1139 3938 1314 4027 ducunt,
1345 3934 1443 4013 mihi
1476 3935 1564 4039 qui·

159 4049 253 4127 dem
277 4052 395 4131 levius
422 4081 497 4131 esse
535 4054 712 4145 videtur,
737 4053 843 4157 quod
862 4055 1180 4158 paucissimorum
1204 4053 1278 4129 bae
1307 4050 1355 4129 de
1391 4080 1433 4130 re
1460 4052 1565 4158 judi-

159 4168 268 4247 oium
298 4185 361 4247 est.
406 4170 562 4250 Accedit
597 4170 702 4277 quod
730 4170 854 4248 multa
880 4171 1086 4249 simulacra
1115 4171 1230 4254 nimis
1253 4195 1351 4277 saepe
1378 4185 1471 4255 sunt
1500 4168 1565 4246 de·

1065 4339 1084 4390 1
