3850 4867
355 316 402 369 22

352 482 411 543 suit
428 512 448 531 ·
468 500 663 567 maxumeque
681 516 701 534 -
720 484 811 547 modo
825 506 915 569 quam
931 489 1064 571 primum
1083 523 1103 541 -
1121 494 1242 555 inaniet
1260 526 1283 543 -
1301 500 1502 578 quojmquam
1532 528 1552 547 ·
1573 496 1668 559 divisa
1684 518 1763 581 pre-

352 579 412 639 mia
432 610 452 627 ·
471 600 541 640 tuuc
561 584 693 663 quoique
712 616 731 631 -
755 588 943 664 13.patriam
963 608 1131 649 maxumam
1151 622 1171 638 -
1191 591 1284 651 honae
1299 594 1368 651 artie
1388 622 1407 639 ··
1425 613 1480 673 pro
1492 595 1529 653 iis
1542 598 1634 676 ampl.
1654 627 1674 643 ·
1693 615 1761 655 ωε·

354 693 445 736 mmo
465 678 609 737 -lubido
628 710 648 727 -
665 679 794 761 demptis
815 684 1081 764 optrectationibua
1099 716 1119 733 -
1138 688 1296 747 utilissima
1311 688 1392 747 sactu
1412 718 1432 735 ·
1451 700 1590 771 opteator.

450 884 541 961 Cod-
577 890 631 963 II.
683 888 951 971 (Bibliothecae
984 893 1105 970 Vatic
1137 898 1220 993 649
1247 899 1284 971 Β.
1309 898 1505 975 Urbinatis
1537 908 1623 994 4¹¹·
1668 900 1760 977 inde

347 997 453 1075 enim
471 1002 632 1077 Romam
666 1005 869 1081 translatus
896 1018 976 1097 eat)
1007 1014 1274 1114 Pergamenus,
1299 1010 1400 1087 soliis
1429 1013 1657 1117 majoribus,
1683 1015 1760 1091 ele-

346 1114 561 1220 gentissime
579 1118 741 1222 scriptus
763 1138 801 1194 et
822 1122 982 1224 picturis
1000 1142 1166 1200 ornatus.
1200 1130 1339 1201 Insunt
1358 1128 1456 1203 Sext.
1474 1129 1668 1215 Aurelius,
1690 1134 1761 1205 Ju-

344 1236 458 1307 se'nus
482 1236 660 1332 Epitoma„
711 1235 845 1311 Sextus
863 1238 998 1339 Rufio,
1027 1240 1177 1315 Salustii
1199 1243 1319 1341 Crispi
1343 1243 1549 1319 Orationes·
1596 1271 1622 1318 a
1641 1246 1759 1320 Fede-

345 1352 446 1431 rico,
471 1368 648 1423 veterano
677 1350 876 1435 Urbinate,
900 1360 1056 1451 scriptus
1083 1374 1154 1441 est,
1184 1362 1381 1457 imperante
1399 1360 1605 1443 Federico,
1645 1360 1756 1436 Urbi·

343 1470 482 1538 natium
501 1472 733 1565 magnanimo
753 1466 855 1539 duce.
898 1469 1093 1545 Librarius
1122 1471 1318 1568 meliorem
1340 1473 1486 1549 librum
1510 1489 1663 1548 secutur
1692 1490 1756 1549 eet

344 1579 555 1683 Aliquoties
588 1582 847 1671 Vaticanum,
872 1584 940 1685 qui
970 1586 1084 1690 vulgo
1106 1586 1270 1678 dicitur,
1294 1588 1520 1679 confirmat,
1544 1588 1655 1691 cujus
1681 1590 1757 1665 lec·

345 1694 464 1770 tiones
485 1695 692 1770 nonnullas
716 1698 846 1772 Carrio
865 1700 1033 1792 notavit3
1053 1728 1191 1803 quare,
1213 1702 1283 1777 ubi
1303 1720 1464 1806 uterque
1485 1705 1583 1779 liber
1598 1730 1755 1779 consen-

344 1811 411 1901 tit,
434 1840 515 1888 non
534 1810 700 1887 laudabo
716 1809 824 1887 hunc
849 1814 1040 1906 codicem,
1072 1844 1122 1890 ne
1144 1816 1242 1891 forte
1267 1816 1435 1922 ejusdcm
1459 1817 1550 1893 libri
1575 1817 1754 1895 lectionet

343 1928 511 2005 duorum
535 1930 724 2003 librorum
747 1931 1013 2007 auctoritatem
1033 1930 1106 2004 sibi
1128 1931 1327 2038 adrogent,¹
1573 2030 1577 2035 .

250 2130 254 2139 ¹
439 2050 486 2121 In
503 2045 703 2121 nonnullis
726 2062 854 2119 tamen
873 2043 941 2121 bie
968 2046 1067 2120 liber
1094 2046 1143 2119 ab
1174 2046 1278 2149 ejue,
1303 2074 1419 2149 quem
1445 2049 1576 2123 Carrio
1603 2050 1753 2127 Vatica-

340 2189 437 2237 num
459 2162 576 2251 dicit,
604 2162 830 2236 auctoritate
850 2160 1018 2249 recedit,
1040 2161 1093 2234 ita
1116 2177 1162 2236 ut
1183 2188 1261 2264 quo
1287 2162 1356 2237 ille
1381 2161 1481 2236 libro
1500 2188 1590 2239 uaua
1614 2162 1750 2253 fuerit,

340 2277 403 2352 rix
424 2277 475 2353 ad
498 2277 694 2383 liquidum
722 2276 881 2382 perduci
902 2301 1007 2380 posse
1026 2276 1210 2351 videatur.

773 2482 865 2579 (Or.
891 2482 1023 2581 Lepidi
1047 2488 1125 2556 sitae
1152 2484 1294 2581 titul.)

421 2622 476 2684 Per
500 2634 609 2685 ceterae
634 2627 729 2707 gentio
757 2654 777 2672 -
804 2646 894 2705 quam
923 2621 1096 2682 ulciscendo
1116 2652 1135 2669 -
1161 2620 1375 2681 dominationis
1392 2624 1426 2681 in
1445 2642 1496 2682 voa
1516 2652 1534 2669 ·
1553 2642 1642 2683 cerua
1659 2624 1714 2683 iate
1732 2656 1750 2671 -

339 2719 465 2781 honesta
485 2723 604 2781 extimet
625 2754 644 2771 ··
665 2732 767 2781 exutus
783 2724 909 2801 imperio
929 2750 948 2767 ··
968 2718 1120 2801 cogitandi
1136 2721 1224 2799 inope
1244 2751 1263 2766 -
1283 2728 1415 2797 expectat
1428 2749 1447 2764 -
1466 2718 1585 2779 Vectiua
1600 2752 1620 2766 -
1639 2740 1750 2799 appro-

339 2816 414 2879 betis
425 2838 529 2878 omnes
548 2852 568 2867 -
586 2820 656 2878 tatis
671 2820 725 2877 illa
742 2808 891 2877 luerunt·
911 2807 1092 2877 conserentie'
1108 2820 1185 2875 inter
1202 2848 1221 2863 -
1241 2816 1279 2873 al>
1290 2818 1424 2878 extremis
1438 2817 1471 2875 in
1486 2827 1631 2876 nosmet·
1652 2837 1750 2897 quan·

339 2927 405 2977 tum
425 2915 555 2976 audeatis
575 2947 595 2963 -
614 2936 703 2995 quem
720 2914 822 2973 audias
841 2945 860 2961 -
879 2936 969 2994 penes
991 2935 1022 2973 ae
1036 2913 1118 2993 quod
1138 2913 1259 2991 publica
1280 2933 1324 2971 rea
1344 2916 1383 2972 ait
1402 2945 1422 2958 ·
1446 2934 1503 2996 pax
1528 2923 1558 2974 et
1584 2915 1749 2993 compotita

339 3014 551 3096 intelliguntur
568 3044 588 3060 ·
607 3013 695 3072 exitia
711 3009 835 3091 probare
845 3052 856 3087 ,
877 3012 1002 3070 annuite
1022 3007 1276 3088 -rempublicam
1297 3010 1414 3069 suimet.

839 3217 970 3290 Oratio
999 3214 1040 3290 L.
1072 3216 1244 3314 Phihppi.

418 3360 548 3445 Lepidus
567 3370 628 3420 erat
647 3362 724 3418 latro
744 3388 763 3405 -
782 3356 854 3417 dein
869 3358 944 3417 Mari
972 3387 992 3404 -
1016 3378 1055 3415 nc
1068 3357 1227 3436 patiamini
1255 3385 1274 3401 -
1298 3353 1417 3432 praemia
1431 3362 1572 3412 secuntur
1598 3383 1617 3400 -
1645 3370 1746 3411 rureua

337 3459 459 3522 invadat
478 3490 497 3505 ··
516 3458 631 3515 luxuria
652 3467 740 3534 atque
763 3457 884 3514 licentia
904 3486 923 3501 -
951 3453 1084 3511 secordia
1103 3484 1123 3497 -
1150 3473 1207 3532 pax
1226 3461 1255 3509 et
1271 3449 1429 3508 concordia
1448 3480 1469 3495 -
1490 3456 1558 3527 jura
1578 3448 1709 3507 imeindi
1729 3479 1748 3495 -

339 3559 424 3639 quasi
442 3555 573 3636 patrium
590 3552 774 3611 reddideritis
792 3582 812 3596 -
831 3552 950 3629 paratis.
972 3547 1096 3621 Quanto
1114 3578 1134 3595 ··
1154 3544 1336 3609 Mehercules
1355 3576 1376 3593 -
1392 3544 1548 3606 advenum
1562 3542 1632 3603 deos
1648 3564 1746 3624 pena-

339 3654 376 3715 tie
398 3686 416 3702 -
436 3653 527 3735 digna
548 3648 667 3709 nonrini
688 3678 706 3693 -
721 3645 855 3706 secordia
867 3656 969 3704 nostra
983 3648 1107 3703 collecta
1126 3676 1146 3691 -
1165 3645 1211 3703 uti
1220 3641 1297 3721 App.

907 3846 1038 3920 Oratio
1068 3846 1196 3924 Cottce.

420 3994 562 4056 Tollcrari
581 4026 600 4042 -
619 3993 736 4072 reppuli
756 4020 775 4038 ··
794 3988 827 4049 in
848 3988 944 4070 queis
968 3985 1109 4044 omnibus
1129 4017 1149 4031 -
1168 3982 1251 4044 labos
1270 4012 1290 4029 -
1309 3991 1374 4042 acta
1387 3987 1449 4060 jam
1465 3989 1548 4040 atate
1567 4010 1587 4027 ·
1606 3977 1677 4037 deoc
1690 3999 1747 4059 pe-

338 4096 415 4159 natis
436 4126 455 4141 -
475 4114 492 4151 a
511 4093 607 4173 patria
624 4089 823 4148 adulescentia
842 4087 875 4143 in
894 4103 944 4143 ore
960 4091 1055 4142 restro
1073 4084 1202 4161 privator
1220 4114 1240 4129 -
1259 4079 1388 4159 deosque
1404 4079 1520 4159 penatis
1538 4108 1558 4125 ·
1575 4082 1640 4155 jure
1654 4084 1747 4137 natu-

337 4214 375 4254 uc
394 4224 414 4241 ·
430 4190 608 4274 permeatis
625 4222 642 4234 -
664 4196 817 4267 cumptum
830 4183 955 4243 sustinet
973 4212 992 4227 ·
1012 4178 1147 4239 socordia
1168 4179 1226 4258 (m.
1242 4176 1307 4258 pr.)
1327 4194 1381 4257 per
1396 4196 1448 4237 roa
1467 4173 1599 4255 quirites.
