3850 4867
1090 639 1135 691 IN

765 796 816 873 M.
840 794 1109 873 TULLIUM
1133 795 1483 874 CICERONEM

658 998 1615 1095 DECL'AMATIO·

847 1194 1078 1257 sttusr1o
1119 1193 1394 1257 tuscumrt.

389 1518 401 1559 ι
467 1492 644 1570 Graviter
664 1490 857 1597 et'iniquo
878 1490 1009 1570 animo
1021 1492 1229 1571 maledicta
1249 1509 1317 1571 tua
1334 1506 1503 1599 paterer,
1526 1492 1578 1569 M
1597 1490 1721 1584 Tulli,
1733 1489 1809 1568 site

414 1617 550 1693 scirem
565 1615 708 1692 iudicio
728 1616 845 1722 magis
862 1643 981 1720 quam
997 1619 1133 1694 morbo
1152 1618 1291 1708 animi,
1315 1617 1385 1694 ista
1405 1615 1620 1723 petulantia
1635 1616 1702 1691 uti
1743 1612 1807 1691 Sed

413 1764 504 1815 cum
522 1740 564 1815 in
579 1756 615 1815 te
633 1766 758 1843 neque
769 1739 929 1815 modum
946 1767 1073 1843 neque
1088 1739 1312 1816 modestiam
1327 1741 1449 1817 ullam
1463 1740 1741 1829 animadverto,
1758 1762 1808 1813 re-

411 1863 607 1969 spondebo
629 1864 723 1938 tibi:
749 1862 823 1953 uti,
835 1862 866 1938 si
879 1889 999 1967 quarn
1015 1864 1286 1939 maledicundo
1304 1864 1540 1968 voluptatem
1557 1864 1705 1969 cepisti,
1731 1889 1808 1938 eam
1871 1861 1872 1910 t

412 1988 512 2064 male
534 1986 734 2063 audiuntlo
758 1985 916 2063 amittas.
950 1986 1026 2061 Ubi
1039 1989 1199 2089 queml
1220 2010 1316 2088 quos
1334 1987 1562 2091 implorem?
1581 1971 1706 2093 patius
1725 2013 1807 2061 con·

410 2112 553 2217 scripti,
564 2110 681 2215 diripi
693 2110 971 2213 rempublicam
982 2110 1370 2214 atqueaudacissumo
1380 2111 1521 2213 cuique
1536 2137 1612 2187 esse
1622 2106 1807 2215 perfidia?

411 2236 516 2341 apud
532 2235 722 2340 populum
734 2234 965 2322 Romanum,
985 2233 1053 2335 qui
1077 2234 1129 2307 ita
1148 2232 1413 2335 largitionibus
1436 2249 1640 2339 corruptus
1658 2252 1732 2325 est,
1755 2234 1805 2309 uti

409 2384 447 2435 se
468 2360 546 2463 ipse
569 2384 614 2432 ac
633 2356 807 2432 fortunas
825 2381 909 2431 suas
928 2354 1072 2431 venalis
1097 2353 1266 2430 babeat?
1291 2382 1342 2430 an
1362 2356 1465 2460 apud
1483 2382 1565 2448 ros,
1585 2374 1712 2463 patres
1727 2384 1807 2435 con·
1870 2439 1871 2450 χ

408 2481 560 2586 scripti,
573 2506 740 2583 quorum
759 2480 963 2555 auctoritas
980 2468 1213 2582 turpissumo
1232 2477 1372 2581 cuique
1389 2495 1427 2554 et
1442 2481 1739 2559 sceleratissumo
1756 2482 1806 2556 lu·

409 2605 560 2713 dibriol
577 2604 647 2679 ubi
658 2604 709 2677 Μ.
722 2602 872 2678 Tullius
886 2601 998 2707 leges,
1018 2602 1312 2706 iudiciapopuli
1324 2604 1487 2679 Romani
1501 2603 1687 2696 defendit,
1701 2623 1805 2709 atque

411 2730 454 2805 in
479 2725 555 2803 boc
576 2725 711 2804 ordine
736 2726 790 2800 ita
808 2725 1051 2815 moderatur,
1075 2725 1184 2829 quasi
1198 2751 1299 2800 unus
1315 2725 1486 2830 reliquus
1502 2754 1549 2803 ex
1565 2727 1713 2807 familia
1743 2728 1805 2805 viri

411 2850 639 2938 clarissumi,
664 2847 850 2953 Scipionis
867 2848 1058 2939 Africani,
1081 2875 1127 2924 ac
1144 2874 1224 2923 non
1240 2848 1602 2951 reptitiua,accitus,
1621 2881 1666 2928 ac
1682 2853 1804 2958 paullo

411 2991 500 3055 ante
523 2972 657 3049 insitus
670 2970 765 3047 huic
788 2972 875 3047 urbi
904 2971 1002 3049 civis.
1026 2974 1088 3046 An
1107 2996 1212 3061 vero,
1227 2971 1276 3045 M.
1291 2970 1547 3064 Tulli,facta,
1560 3002 1605 3051 ac
1626 2977 1732 3059 dicta
1748 2994 1802 3051 tua

409 3100 568 3177 obscura
590 3100 704 3173 suntl
730 3124 781 3171 an
803 3124 883 3172 non
909 3096 961 3170 ita
985 3122 1007 3168 a
1028 3094 1193 3198 pueritia
1215 3093 1357 3183 vixisti,
1381 3096 1440 3170 uti
1463 3095 1564 3171 nihil
1584 3100 1803 3205 flagitiosum

409 3224 560 3331 corpori
580 3238 648 3296 tuo
670 3236 839 3323 putares,
867 3217 973 3321 quod
995 3217 1105 3291 alteri
1134 3215 1400 3294 collibuisset?
1434 3220 1586 3297 Scilicet
1610 3225 1724 3301 istam
1744 3227 1796 3300 im·

409 3349 646 3425 moderatam
669 3342 926 3445 eloquentiam
955 3340 1061 3445 apud
1078 3342 1129 3414 M
1152 3340 1328 3415 Pisonem
1348 3368 1428 3416 non
1450 3344 1647 3448 pudicitiae
1668 3348 1798 3426 iactura

408 3465 668 3576 perdidicistil
707 3472 842 3568 Itaque
869 3466 1042 3539 minume
1064 3462 1285 3537 mirandum
1305 3478 1376 3553 est,
1400 3466 1507 3568 quod
1524 3494 1610 3548 eam
1630 3472 1800 3578 flagitiose

450 3688 523 3769 Cap.
540 3709 564 3747 ι.
581 3690 635 3747 ista
642 3684 806 3766 petulantia
815 3684 891 3743 cod.
901 3682 1121 3763 Oudendorpii,
1132 3702 1219 3763 quem
1229 3682 1563 3770 llavcrc.laudat.vnlgo
1574 3690 1679 3753 ordine
1688 3694 1797 3757 inverso.

406 3814 463 3857 estc
474 3794 613 3875 perfidiae
631 3793 727 3850 locum
743 3788 822 3852 Leid.
838 3790 859 3852 l.
880 3796 906 3847 ct
925 3806 955 3847 te
975 3786 1033 3866 ipre
1050 3787 1237 3863 acsortunas
1257 3784 1332 3849 Cod.
1354 3785 1416 3847 Bae.
1437 3788 1534 3857 Guelf.
1549 3815 1578 3872 7.
1607 3796 1653 3853 uti
1670 3816 1730 3859 Μ,
1738 3798 1797 3875 jfflc

407 3890 546 3977 {tenusque
559 3916 624 3955 sitas
645 3896 754 3975 Popma
770 3912 804 3952 cx
819 3911 961 3973 consensu
980 3893 1069 3950 trium
1082 3888 1179 3953 codd.
1200 3909 1257 3950 tete
1269 3892 1459 3965 acfortunos
1478 3899 1577 3978 vulgo.
1598 3907 1639 3958 esi
1657 3900 1722 3962 lud.
1737 3900 1796 3962 God.
1868 3899 1869 3948 ἶ

407 4002 547 4065 Oudend.
569 3998 696 4059 lauiibrio
721 3998 758 4057 u't
786 3995 847 4053 Rae.
876 3994 1066 4075 quamobrem
1087 4003 1128 4053 ott
1149 3994 1254 4058 delevi.
1280 3996 1359 4074 quod
1381 3996 1796 4067 attuicottit.Ba⁸.1„jd„,

406 4108 536 4171 Gudian.
557 4104 640 4165 llam.
663 4105 721 4161 inc.
742 4099 838 4158 Gucll'.
860 4106 911 4156 aut
926 4098 1035 4157 scilicet
1054 4096 1144 4157 iidem
1162 4098 1239 4157 libri.
1259 4117 1301 4157 au
1312 4098 1421 4160 scilicet
1431 4100 1482 4163 Ac.
1501 4116 1530 4165 ct
1546 4107 1662 4169 Venetae
1675 4110 1762 4173 Edita
1777 4108 1798 4168 ri

406 4214 561 4292 caurstag.
579 4210 678 4288 vulgo.
699 4206 778 4282 quod
798 4202 875 4260 God.
893 4222 920 4263 c.
937 4202 1019 4261 Leid.
1045 4200 1141 4266 Guell.
1162 4202 1247 4262 ilem.
1267 4203 1356 4264 ltdiu.
1377 4215 1493 4268 vetera
1523 4211 1575 4289 qui
1587 4232 1654 4276 eam
1671 4215 1795 4279 ML..
