3850 4867
1470 328 1543 419 239

153 504 291 605 praebeo
312 510 546 615 exemplum,
563 526 641 613 quo
665 508 814 585 rectius.
828 523 893 582 tua
916 530 1129 611 componas.
1164 482 1337 612 Namque
1351 501 1540 591 Romania,

153 654 232 704 cum
247 633 485 725 nationibus,
504 634 675 739 populis,
702 633 853 738 regibus
874 632 1040 720 cunctis,
1063 658 1144 706 uua
1165 648 1202 705 et
1223 658 1265 706 ea
1281 646 1389 706 vetus
1410 649 1539 702 caussa

152 749 313 829 bellandi
342 772 416 847 est,
449 757 590 861 cupido
618 755 810 861 profunda
840 756 991 860 imperii
1016 772 1055 830 et
1076 754 1322 846 divitiamm3
1356 778 1432 855 qna
1461 749 1539 853 pri-
1627 857 1631 865 ⁸

148 901 248 951 mum
276 904 368 953 cum
392 872 477 983 rege
499 878 755 957 Macedonum
775 878 955 983 Philippo
974 878 1122 953 bellum
1146 904 1344 982 sumpsere
1386 878 1495 950 Dum
1516 896 1542 947 a

147 1000 515 1106 Carthaginiensibus
539 1005 830 1108 premebantur,
855 1002 1064 1078 amicitiam
1094 1002 1315 1079 simulantes
1344 1001 1379 1075 ei
1406 999 1539 1074 subve-

145 1121 306 1199 nientem
322 1125 557 1202 Antiochum
574 1128 812 1204 concessione
828 1126 923 1201 Asiae
940 1152 1010 1229 per
1027 1124 1161 1201 dolum
1178 1142 1366 1214 avorterc3
1390 1150 1434 1196 ac
1450 1148 1537 1196 mox

145 1260 259 1323 tracto
282 1247 462 1353 Philippo
490 1250 702 1326 Antiochus
728 1252 834 1327 omni
861 1250 913 1325 cis
931 1252 1103 1323 Taurum
1124 1274 1214 1352 agro
1239 1264 1277 1321 et
1296 1246 1426 1321 decem
1450 1244 1539 1318 mil·

141 1368 237 1444 libus
268 1371 502 1449 talentorum
532 1372 714 1478 spoliatus
739 1388 801 1449 est
850 1374 987 1447 Persen
1020 1369 1158 1445 deinde
1188 1368 1359 1474 Philippi
1389 1368 1538 1459 filium,

141 1511 222 1595 post
240 1494 363 1571 multa
385 1513 424 1572 et
443 1498 547 1573 varia
565 1498 792 1589 certamina,
813 1496 919 1601 apud
942 1493 1205 1571 Samothracas
1226 1493 1314 1569 deos
1336 1508 1537 1596 acceptum

139 1615 181 1689 in
204 1616 336 1707 fidem,
369 1618 500 1695 callidi
524 1637 562 1696 et
585 1637 791 1721 repertores
809 1618 994 1722 perfidiae,
1032 1620 1123 1722 quia
1143 1635 1257 1721 pacto
1271 1618 1395 1692 ¹vitam
1424 1616 1536 1691 dede

138 1758 241 1835 rant,
283 1743 481 1820 insomniis
508 1745 685 1820 occidere.
733 1744 966 1832 Eumenem,
1002 1742 1111 1817 cuius
1140 1742 1349 1816 amicitiam
1377 1741 1536 1845 gloriose

139 1881 343 1959 ostentant,
369 1868 480 1942 initio
508 1866 709 1971 prodidere
734 1863 943 1955 Antiocho,
968 1865 1072 1967 pacis
1097 1865 1325 1959 mercedem3
1358 1880 1443 1967 post
1466 1868 1533 1937 At-

139 1989 255 2065 talum
275 1991 470 2066 custodem
484 1991 565 2095 agri
588 1989 728 2092 captivi
746 1988 959 2092 sumptibus
979 2004 1017 2063 et
1036 1988 1277 2088 contumeliis
1295 2016 1340 2063 ex
1361 2014 1447 2091 rege
1461 1987 1534 2059 mi-

138 2136 347 2190 serrumum
372 2140 566 2191 servorum
596 2113 774 2188 effecere:
799 2111 1055 2215 simulatoque
1076 2112 1195 2217 impio
1220 2128 1462 2199 testamento,
1489 2108 1533 2182 ll-

137 2233 228 2311 lium
250 2238 333 2313 eius
351 2236 633 2325 Aristonicum,
658 2235 749 2338 quia
771 2234 941 2339 patrium
965 2258 1127 2339 regnum
1143 2236 1339 2339 petiverat,
1364 2234 1533 2308 hostium

137 2386 235 2435 more
255 2387 325 2464 per
346 2358 590 2464 triumphum
608 2357 775 2435 duxere:
800 2358 886 2445 Asia
904 2358 953 2432 ab
971 2358 1058 2460 ipsis
1080 2360 1222 2435 obsessa
1241 2374 1319 2433 est:
1343 2375 1531 2460 postremo

137 2482 370 2587 Bithyniam,
393 2474 789 2570 Nicomede'mortuo,
814 2481 1025 2584 diripuere3
1047 2510 1137 2558 cum
1153 2482 1254 2557 filius
1271 2482 1391 2571 Busa,
1412 2508 1531 2584 quam

137 2608 299 2710 reginam
321 2606 624 2710 adpellaverant,
650 2604 797 2710 genitus
819 2602 927 2679 haud
950 2604 1068 2681 dubie
1089 2622 1189 2681 esset
1225 2607 1323 2680 Nam
1345 2604 1442 2708 quid
1463 2631 1531 2707 ego

136 2755 192 2805 me
209 2730 422 2836 adpellem?
456 2756 571 2831 quem
585 2720 829 2811 disiun'ctum
850 2728 1025 2831 undique
1052 2730 1175 2833 regnis
1191 2746 1231 2805 et
1249 2728 1462 2804 tetrarchiis
1482 2730 1533 2803 ab

137 2853 287 2957 imperio
306 2880 456 2942 eorum,
491 2850 582 2955 quia
610 2850 711 2926 fama
732 2868 830 2941 erat,
856 2850 1014 2927 divitem
1043 2878 1169 2955 neque
1189 2853 1419 2928 serviturum
1439 2878 1532 2941 esse,

135 3002 196 3078 per
214 2975 457 3063 Nicomedem
477 2975 579 3049 bello
601 2976 867 3051 lacessiverunt
874 3001 885 3065 ;
911 2974 1061 3049 sceleris
1078 3002 1212 3053 eorum
1221 2974 1330 3051 haud
1343 2977 1532 3081 ignarum,

135 3114 242 3190 etea,
268 3125 354 3203 quae
373 3098 560 3187 accidere,
588 3113 765 3172 testatum
785 3112 923 3187 antea,
950 3091 1142 3173 Cretenses
1167 3098 1263 3174 solos
1282 3100 1456 3175 omnium
1485 3099 1532 3171 li-

134 3220 232 3299 beros
249 3250 293 3298 ea
329 3236 547 3325 tempestate
568 3239 605 3296 et
631 3247 755 3325 regem
768 3218 1027 3295 Ptolemaeum.
1062 3224 1187 3326 Atque
1209 3250 1276 3329 ego
1299 3222 1403 3297 ultus
1427 3223 1530 3296 iniu-

133 3348 222 3438 rias,
245 3345 489 3423 Nicomedem
509 3342 686 3446 Bithynia
710 3341 851 3447 expuli,
874 3344 1078 3447 Asiamque
1100 3346 1264 3449 spolium
1282 3346 1376 3450 regis
1395 3327 1541 3420 Antio-⁸

136 3468 192 3545 chi
219 3470 360 3574 recepi,
386 3484 424 3543 et
450 3467 606 3543 Graeciae
629 3466 747 3541 demsi
787 3492 898 3570 grave
932 3467 1138 3543 servitium.
1177 3473 1331 3573 Incepta
1356 3496 1440 3544 mea
1460 3497 1530 3575 po·

135 3610 281 3671 stremus
296 3618 489 3670 servorum
501 3589 730 3681 Archelaus,
752 3589 920 3663 exercitu
941 3589 1115 3693 prodito,
1141 3592 1366 3697 impedivit:
1392 3592 1529 3698 illique

209 3836 252 3879 rr.
274 3814 477 3895 Tibi-sperem
494 3815 534 3873 ita
551 3812 653 3872 Carrio
670 3830 704 3872 ex
719 3809 785 3871 tte.
811 3833 874 3893 qua
890 3816 980 3894 vulgo
1001 3822 1042 3871 est
1055 3814 1220 3892 scriptura,
1232 3818 1357 3876 omnino
1377 3835 1462 3877 sautu
1474 3838 1527 3879 ca·

137 3929 181 3983 ret.
199 3898 335 3979 videnum
348 3918 444 3982 Vatic.
465 3919 582 3979 videar
594 3916 677 3978 Fahr.
688 3917 762 3977 Brr'o.
777 3936 842 3995 qua
852 3916 985 3996 primrun
1001 3916 1069 3977 lihri
1083 3919 1206 3998 aliquot.
1225 3919 1324 3998 primo
1338 3930 1434 3982 tracto
1445 3920 1526 3983 Phil.

136 4020 216 4085 varie,
232 4024 264 4085 in
277 4024 376 4085 ceteris
390 4021 488 4083 Codd.
507 4029 602 4079 tracto
619 4022 768 4079 omissum.
786 4028 851 4099 post
873 4017 1010 4081 Attalum
1023 4024 1065 4081 ita
1080 4021 1165 4081 Fahr.
1187 4018 1263 4083 Bria.
1281 4034 1310 4084 at
1331 4024 1428 4087 Ursini
1441 4026 1526 4091 libo.

135 4126 317 4201 posthabitum
326 4130 375 4191 rel
383 4125 549 4207 posthabito
564 4126 662 4185 ceteri.
684 4134 778 4184 totam
798 4123 974 4205 Bithyniam
989 4130 1088 4209 vulgo.
1108 4127 1159 4187 sed
1176 4136 1269 4187 totam
1282 4147 1342 4188 om.
1360 4141 1466 4193 veteres
1483 4132 1526 4195 ll·

139 4226 186 4290 bri.
203 4252 288 4311 prum
303 4231 436 4311 reginem
455 4229 643 4309 adpellerent
660 4228 753 4293 Vnae.
774 4247 858 4306 quam
871 4248 968 4309 regem
983 4229 1045 4291 um
1065 4230 1148 4295 Fahr.
1167 4230 1242 4296 Bria.
1263 4232 1321 4294 soli
1335 4236 1468 4299 omnium
1484 4236 1527 4298 li·
