3850 4867
1454 346 1522 424 165

123 555 240 635 super
255 558 425 638 aggerem
444 533 627 638 impositis
647 533 817 610 turribus
829 559 924 638 opus
937 532 987 609 ad
1007 535 1197 612 ministros
1217 531 1341 608 tutari.
1382 531 1522 636 Con-tra

124 649 207 730 baec
217 657 403 760 oppidani
421 657 615 747 festinare,
629 684 778 762 parare:
797 683 949 762 prorsus
966 659 1015 732 ab
1031 659 1202 760 utrisque
1218 654 1318 732 nihil
1332 655 1525 758 reliquum

125 778 216 854 fieri.
268 781 446 884 Denique
474 783 659 871 Romani,
694 781 817 858 multo
852 799 943 857 ante
966 782 1096 858 labore
1121 782 1335 885 praeliisque
1357 778 1523 884 fatigati,

123 919 209 1006 post
230 902 311 980 dies
327 905 584 1007 quadraginta·
599 933 718 1007 quam
735 933 780 982 ec
799 921 957 982 ventum
974 923 1072 997 erat,
1093 906 1234 1010 oppido
1254 903 1368 980 modo
1390 902 1526 1006 potiti:

123 1027 253 1130 praeda
273 1028 396 1103 omnis
422 1030 471 1103 ab
490 1029 657 1134 perfugis
682 1046 875 1135 corrupta.
905 1031 937 1104 li
959 1048 1160 1133 postquam
1179 1057 1335 1105 murum
1348 1026 1527 1130 arietibus

124 1150 231 1227 feriri
251 1179 387 1255 rusque
402 1178 491 1227 suas
502 1153 679 1228 adflictas
692 1155 843 1246 vident,
865 1181 1004 1230 aurum
1023 1171 1138 1259 atque
1155 1170 1354 1258 argentum
1372 1167 1410 1228 et
1430 1148 1527 1239 alia,

126 1301 212 1377 quae
237 1275 365 1380 prima
396 1277 613 1368 ducuntur,
643 1277 803 1354 domum
831 1274 972 1382 regiam
994 1295 1265 1382 comportant:
1291 1277 1344 1352 ibi
1376 1275 1464 1350 vino
1485 1275 1527 1348 ‘et

125 1399 249 1503 epulis
279 1400 455 1492 onerati,
476 1400 635 1503 illaque,
658 1406 707 1477 et'
731 1403 910 1493 domum,
938 1418 978 1478 et
1006 1418 1123 1478 semet
1151 1401 1229 1508 igni
1258 1413 1529 1503 corrumpunt;

128 1539 165 1596 et
187 1519 287 1626 quas
304 1524 394 1599 victi
420 1524 468 1599 ab
485 1521 657 1600 hostibus
674 1551 808 1631 poenas
827 1541 1060 1618 metuerant,
1094 1552 1154 1602 eas
1177 1527 1248 1630 ipsi
1273 1525 1438 1602 volentes
1464 1547 1528 1625 pe-

127 1647 304 1749 pendere.
340 1648 414 1724 Sed
432 1648 577 1752 pariter
595 1675 686 1725 cum
708 1666 820 1754 capta
841 1649 963 1724 Thala
988 1651 1100 1756 legati
1125 1677 1170 1725 ex
1193 1646 1456 1754 oppidoLepti
1479 1645 1573 1720 adt?

128 1772 329 1856 Metellum
345 1789 547 1864 venerant,
571 1791 736 1864 orantes,
751 1774 810 1848 uti
831 1773 1050 1878 praesidium
1062 1773 1359 1878 praefectumque
1381 1797 1425 1848 eo
1441 1770 1529 1846 mit-

131 1912 243 1992 teret3
267 1896 527 1972 Hamilcarem
546 1898 768 2001 quemdam,
793 1895 990 1973 bominem
1007 1895 1192 1988 nobilem,
1217 1896 1433 1984 factiosum,
1461 1917 1531 1968 no-

131 2019 182 2094 vis
210 2021 326 2097 rebus
351 2021 525 2115 studere,
558 2012 760 2098 advorsum
779 2048 895 2123 quem
918 2048 1042 2126 neque
1061 2019 1219 2124 imperia
1241 2019 1530 2123 magistratuum

133 2169 255 2246 neque
279 2145 377 2249 leges
410 2145 603 2220 valerent:
628 2147 671 2222 ni
690 2145 731 2220 id
753 2144 964 2235 festinaret,
1001 2147 1042 2219 in
1061 2171 1210 2220 summo
1231 2141 1401 2249 periculo
1423 2147 1533 2214 suam

134 2268 307 2358 salutem,
337 2269 494 2344 illorum
515 2270 633 2345 socios
654 2269 748 2344 fore..
786 2271 884 2344 Nam
904 2268 1097 2372 Leptitani
1124 2269 1201 2342 iam
1226 2265 1316 2340 inde
1338 2293 1358 2338 a
1389 2263 1533 2368 princi·

136 2391 197 2492 pio
218 2393 313 2469 belli
332 2391 555 2497 Iugurthini
575 2393 624 2468 ad
646 2393 806 2468 Bestiam
820 2392 1015 2470 consulem
1037 2408 1075 2467 et
1092 2407 1219 2495 postea
1247 2390 1404 2464 Romam
1426 2386 1533 2461 mise-

138 2533 237 2608 rant,
261 2518 473 2598 amicitiam
490 2517 782 2619 societatemque
796 2532 980 2620 rogatum.
1015 2515 1185 2606 Deinde,
1211 2513 1278 2588 ubi
1299 2539 1341 2587 eu
1357 2511 1535 2616 impetra·

138 2653 199 2730 ta,
221 2667 370 2746 semper
396 2641 489 2717 boni
521 2640 724 2742 fidelesque
747 2667 916 2745 mansere
939 2655 978 2713 et
1005 2655 1143 2714 cuncta
1174 2665 1195 2711 a
1225 2638 1362 2725 Bestia,
1393 2635 1534 2711 Albino

140 2846 434 2927 sasaggsremiacere
454 2867 556 2907 ornum
575 2849 639 2907 sere
655 2845 733 2906 libri.
762 2846 913 2922 subterque
930 2864 979 2904 eus
1008 2841 1105 2903 Guell.
1120 2847 1147 2904 3.
1169 2861 1253 2922 super
1264 2861 1366 2921 easque
1391 2839 1532 2900 Guell.1.

140 2947 231 3010 l'inar.
247 2974 272 3011 ι.
292 2971 376 3032 uapor
388 2972 435 3012 cos
454 2952 551 3011 Guell.
563 2953 592 3017 6.
613 2972 660 3011 cas
676 2972 736 3011 om.
756 2950 852 3010 Scuat.
868 2969 895 3014 2.
917 2949 1025 3036 Heuss.
1043 2967 1098 3026 qua
1115 2967 1175 3006 om.
1193 2947 1273 3007 Leid'.
1291 2968 1332 3005 m.
1359 2965 1443 3024 super
1473 2966 1534 3004 om.

142 3073 210 3112 uuus
223 3057 348 3138 Popmae.
368 3057 493 3116 multum
507 3067 577 3117 ante
596 3058 695 3117 labora
713 3056 827 3116 Vratisl.
845 3076 871 3114 1.
892 3054 993 3134 oppidi
1010 3052 1126 3116 Vratisl.
1141 3051 1170 3116 3.
1192 3055 1280 3112 modo
1300 3071 1362 3115 om.
1383 3050 1495 3114 Fabric.
1507 3071 1533 3114 2.

142 3155 214 3224 Vnt.
230 3184 254 3221 ι.
276 3161 372 3222 Gucls.
390 3184 415 3222 1.
438 3163 474 3221 ab
487 3163 619 3243 perfugis
638 3163 738 3222 Vinar.
760 3160 869 3222 Fabric.
881 3180 905 3218 ι.
925 3159 1022 3218 Sonat.
1034 3178 1059 3216 1.
1083 3158 1148 3219 Ecc.
1174 3156 1270 3217 Guals.
1289 3178 1312 3215 1.
1326 3159 1354 3227 4.
1367 3179 1395 3238 7.
1427 3156 1462 3214 1ιί
1469 3165 1535 3236 post

145 3281 224 3336 qaum
250 3267 347 3326 Turio.
377 3268 439 3329 Bas.
455 3269 483 3339 l'.
504 3268 588 3327 Bern.
604 3267 633 3332 ὅ.
662 3285 769 3324 aurum
797 3272 954 3342 argentum
983 3251 1100 3322 Grutcri
1127 3261 1205 3326 libri.
1234 3281 1340 3320 aurum
1360 3271 1446 3339 atth
1467 3281 1532 3339 arg.

145 3363 200 3426 aa..
216 3373 277 3443 nl.
298 3372 412 3438 Fabric.
433 3375 533 3437 incest.
561 3374 645 3432 Bcrn.
658 3371 686 3432 3.
706 3371 803 3430 Turic.
825 3369 960 3431 Wassius.
982 3387 1047 3428 our.
1065 3377 1091 3426 et
1106 3388 1171 3446 arg.
1193 3366 1386 3426 caucaso.
1410 3385 1534 3424 ultrum-

147 3491 194 3547 que
213 3485 237 3533 ct
263 3497 329 3556 arg.
357 3477 443 3542 Bora.
465 3501 490 3540 ι.
519 3497 585 3536 aur.
601 3484 812 3554 argentumque
830 3477 930 3554 tulga.
952 3491 1006 3551 quc
1028 3474 1127 3536 locum
1145 3482 1238 3532 mutat
1253 3473 1284 3530 in
1303 3479 1428 3551 quatuor
1447 3469 1535 3532 Was-

148 3578 178 3635 tii
190 3579 273 3647 libris.
296 3591 459 3643 metuerant
479 3582 570 3650 Beria,
583 3604 608 3640 1.
630 3581 692 3643 Bas.
711 3601 737 3638 1.
754 3580 782 3650 4.
804 3580 844 3637 ita
863 3579 983 3637 Hatera.
997 3585 1026 3635 et
1042 3576 1121 3636 Leid.
1139 3577 1265 3655 pandera
1283 3575 1379 3634 Guell.
1396 3575 1425 3635 3.
1441 3598 1468 3656 7.
1489 3596 1534 3634 ιο.

147 3681 249 3750 Fabric.
270 3689 370 3751 Vinar.
392 3689 480 3758 ,Vrat
508 3685 588 3750 Laid.
603 3707 643 3744 m.
674 3684 765 3743 llari.
777 3693 812 3746 A.
834 3681 918 3742 Bcrn.
932 3701 958 3747 1.
979 3683 1081 3742 incert.
1094 3700 1121 3738 a.
1142 3681 1282 3740 Semta.
1312 3680 1411 3742 lleuss.
1432 3680 1535 3742 Fraus.

149 3790 183 3850 ita
197 3796 286 3853 soluit
299 3793 413 3852 Gmter.

222 3943 292 4027 Cap.
306 3970 355 4029 77.
375 3955 403 4008 ct
420 3945 539 4006 illorum
552 3943 644 4004 socios
664 3941 773 4003 Fabric.
794 3942 854 4000 inc.
876 3941 973 4000 serrat
986 3961 1011 4000 1.
1034 3944 1136 4001 Franc.
1157 3938 1209 3998 Ac.
1229 3938 1296 4020 Teg.
1318 3937 1417 4009 baal.
1439 3939 1536 4000 Turic.

153 4052 226 4108 vat.
237 4073 260 4111 1.
279 4053 347 4111 Ecc.
368 4050 466 4114 Guels.
476 4049 505 4109 3.
516 4050 544 4110 6.
558 4071 586 4129 9.
605 4069 649 4107 ιι.
663 4068 709 4106 12.
729 4047 809 4106 Laid.
824 4067 851 4128 g.
863 4048 883 4104 i.
900 4047 927 4103 t.
948 4055 1057 4125 septem
1068 4045 1180 4104 Wassii.
1197 4052 1224 4100 et
1239 4063 1301 4106 οιιι.
1315 4045 1446 4102 meliores
1456 4044 1536 4103 G'ru-

156 4157 201 4216 ttri
217 4170 242 4218 ct
255 4158 349 4218 ceteri.
371 4155 543 4232 illorrunque
562 4154 643 4214 Leid.
654 4177 679 4214 c.
701 4152 785 4212 Bam.
800 4151 828 4210 3.
852 4151 913 4208 iam
928 4147 1000 4210 inde
1013 4169 1032 4208 o
1046 4149 1142 4228 princ.
1158 4147 1304 4210 iomindc
1324 4167 1383 4206 oui.
1404 4147 1489 4208 Faba.
1507 4169 1535 4208 a.

158 4263 243 4325 Guell.
258 4285 301 4325 ιο.
321 4259 475 4340 impetrata
496 4268 563 4319 suut
583 4257 697 4320 Fabric.
716 4256 796 4318 Laid.
811 4277 838 4317 a.
851 4253 881 4315 b.
896 4275 922 4316 e.
934 4255 956 4320 f.
970 4275 998 4336 g.
1012 4252 1043 4314 h.
1054 4275 1084 4314 n.
1107 4253 1194 4316 Palat.
1204 4252 1234 4314 3.
1254 4252 1313 4312 Eri.
1324 4251 1392 4335 teg.
1414 4251 1496 4313 Bam.
1509 4273 1535 4314 ι.
