<?xml version="1.0" encoding="UTF-8"?>
<!DOCTYPE html PUBLIC "-//W3C//DTD XHTML 1.0 Transitional//EN"
    "http://www.w3.org/TR/xhtml1/DTD/xhtml1-transitional.dtd">
<html xmlns="http://www.w3.org/1999/xhtml" xml:lang="en" lang="en">
 <head>
  <title>
</title>
<meta http-equiv="Content-Type" content="text/html;charset=utf-8" />
  <meta name='ocr-system' content='tesseract 3.04.00' />
  <meta name='ocr-capabilities' content='ocr_page ocr_carea ocr_par ocr_line ocrx_word'/>
</head>
<body>
  <div class='ocr_page' id='page_1' title='image "./salustiiquaeexs01sallgoog_0232.png"; bbox 0 0 3850 4867; ppageno 0'>
   <div class='ocr_carea' id='block_1_1' title="bbox 426 327 498 408">
    <p class='ocr_par' dir='ltr' id='par_1_1' title="bbox 426 327 498 408">
     <span class='ocr_line' id='line_1_1' title="bbox 426 327 498 408; baseline 0.014 -1"><span class='ocrx_word' id='word_1_1' title='bbox 426 327 498 408; x_wconf 78' lang='lat'>136</span> 
     </span>
    </p>
   </div>
   <div class='ocr_carea' id='block_1_2' title="bbox 367 507 1814 3073">
    <p class='ocr_par' dir='ltr' id='par_1_2' title="bbox 367 507 1814 3073">
     <span class='ocr_line' id='line_1_2' title="bbox 421 507 1814 616; baseline 0.001 -32"><span class='ocrx_word' id='word_1_2' title='bbox 421 508 517 600; x_wconf 88' lang='lat' dir='ltr'>loci,</span> <span class='ocrx_word' id='word_1_3' title='bbox 536 535 655 616; x_wconf 87' lang='lat' dir='ltr'>quam</span> <span class='ocrx_word' id='word_1_4' title='bbox 673 531 869 585; x_wconf 82' lang='lat' dir='ltr'>maxumas</span> <span class='ocrx_word' id='word_1_5' title='bbox 892 519 1016 613; x_wconf 85' lang='lat' dir='ltr'>potest</span> <span class='ocrx_word' id='word_1_6' title='bbox 1042 507 1168 613; x_wconf 84' lang='lat' dir='ltr'>copias</span> <span class='ocrx_word' id='word_1_7' title='bbox 1194 509 1370 587; x_wconf 89' lang='lat' dir='ltr'>omnium</span> <span class='ocrx_word' id='word_1_8' title='bbox 1401 534 1584 615; x_wconf 84' lang='lat' dir='ltr'>generum</span> <span class='ocrx_word' id='word_1_9' title='bbox 1614 521 1745 614; x_wconf 83' lang='lat' dir='ltr'>parat,</span> <span class='ocrx_word' id='word_1_10' title='bbox 1774 533 1814 586; x_wconf 85' lang='lat' dir='ltr'>ac</span> 
     </span>
     <span class='ocr_line' id='line_1_3' title="bbox 419 631 1812 736; baseline 0.001 -30"><span class='ocrx_word' id='word_1_11' title='bbox 419 657 490 736; x_wconf 86' lang='lat' dir='ltr'>per</span> <span class='ocrx_word' id='word_1_12' title='bbox 509 634 675 708; x_wconf 83' lang='lat' dir='ltr'>tramites</span> <span class='ocrx_word' id='word_1_13' title='bbox 694 631 861 708; x_wconf 84' lang='lat' dir='ltr'>occultos</span> <span class='ocrx_word' id='word_1_14' title='bbox 880 631 1088 707; x_wconf 78' lang='lat' dir='ltr'>exercitum</span> <span class='ocrx_word' id='word_1_15' title='bbox 1106 632 1250 708; x_wconf 87' lang='lat' dir='ltr'>Metelli</span> <span class='ocrx_word' id='word_1_16' title='bbox 1273 633 1473 709; x_wconf 72' lang='lat' dir='ltr'>antevenit</span> <span class='ocrx_word' id='word_1_17' title='bbox 1509 634 1603 710; x_wconf 86' lang='lat' dir='ltr'>Erat</span> <span class='ocrx_word' id='word_1_18' title='bbox 1619 633 1662 710; x_wconf 90' lang='lat' dir='ltr'>in</span> <span class='ocrx_word' id='word_1_19' title='bbox 1675 658 1719 708; x_wconf 87' lang='lat' dir='ltr'>ea</span> <span class='ocrx_word' id='word_1_20' title='bbox 1734 659 1812 736; x_wconf 90' lang='lat' dir='ltr'>par-</span> 
     </span>
     <span class='ocr_line' id='line_1_4' title="bbox 420 752 1812 860; baseline -0.001 -28"><span class='ocrx_word' id='word_1_21' title='bbox 420 769 457 832; x_wconf 82' lang='lat' dir='ltr'>te</span> <span class='ocrx_word' id='word_1_22' title='bbox 479 755 686 844; x_wconf 75' lang='lat' dir='ltr'>Numidia,</span> <span class='ocrx_word' id='word_1_23' title='bbox 712 781 830 858; x_wconf 88' lang='lat' dir='ltr'>quam</span> <span class='ocrx_word' id='word_1_24' title='bbox 850 752 1045 830; x_wconf 83' lang='lat' dir='ltr'><strong>Adherbal</strong></span> <span class='ocrx_word' id='word_1_25' title='bbox 1060 754 1101 829; x_wconf 91' lang='lat' dir='ltr'>in</span> <span class='ocrx_word' id='word_1_26' title='bbox 1118 755 1303 832; x_wconf 81' lang='lat' dir='ltr'>divisione</span> <span class='ocrx_word' id='word_1_27' title='bbox 1322 755 1550 860; x_wconf 84' lang='lat' dir='ltr'>possederat,</span> <span class='ocrx_word' id='word_1_28' title='bbox 1577 755 1725 832; x_wconf 85' lang='lat' dir='ltr'>flumen</span> <span class='ocrx_word' id='word_1_29' title='bbox 1745 756 1812 831; x_wconf 83' lang='lat' dir='ltr'>ori-</span> 
     </span>
     <span class='ocr_line' id='line_1_5' title="bbox 418 875 1812 980; baseline -0.001 -26"><span class='ocrx_word' id='word_1_30' title='bbox 418 901 524 954; x_wconf 82' lang='lat' dir='ltr'>ensa</span> <span class='ocrx_word' id='word_1_31' title='bbox 545 877 724 968; x_wconf 89' lang='lat' dir='ltr'>meridie,</span> <span class='ocrx_word' id='word_1_32' title='bbox 756 877 914 951; x_wconf 89' lang='lat' dir='ltr'>nomine</span> <span class='ocrx_word' id='word_1_33' title='bbox 941 875 1118 971; x_wconf 84' lang='lat' dir='ltr'>Mutbu13</span> <span class='ocrx_word' id='word_1_34' title='bbox 1143 902 1165 952; x_wconf 88' lang='lat' dir='ltr'>a</span> <span class='ocrx_word' id='word_1_35' title='bbox 1183 903 1260 980; x_wconf 83' lang='lat' dir='ltr'>quo</span> <span class='ocrx_word' id='word_1_36' title='bbox 1279 879 1411 954; x_wconf 88' lang='lat' dir='ltr'>aberat</span> <span class='ocrx_word' id='word_1_37' title='bbox 1430 903 1539 954; x_wconf 91' lang='lat' dir='ltr'>mons</span> <span class='ocrx_word' id='word_1_38' title='bbox 1555 877 1675 955; x_wconf 85' lang='lat' dir='ltr'>ferme</span> <span class='ocrx_word' id='word_1_39' title='bbox 1699 879 1812 954; x_wconf 90' lang='lat' dir='ltr'>millia</span> 
     </span>
     <span class='ocr_line' id='line_1_6' title="bbox 420 999 1812 1106; baseline -0.001 -28"><span class='ocrx_word' id='word_1_40' title='bbox 420 1023 601 1104; x_wconf 79' lang='lat' dir='ltr'>passuum</span> <span class='ocrx_word' id='word_1_41' title='bbox 623 999 759 1106; x_wconf 75' lang='lat' dir='ltr'>viginti</span> <span class='ocrx_word' id='word_1_42' title='bbox 784 1014 910 1073; x_wconf 89' lang='lat' dir='ltr'>tractu</span> <span class='ocrx_word' id='word_1_43' title='bbox 937 999 1045 1102; x_wconf 83' lang='lat' dir='ltr'>pari,</span> <span class='ocrx_word' id='word_1_44' title='bbox 1066 1015 1190 1076; x_wconf 78' lang='lat' dir='ltr'>vasttu</span> <span class='ocrx_word' id='word_1_45' title='bbox 1218 1001 1268 1074; x_wconf 88' lang='lat' dir='ltr'>ab</span> <span class='ocrx_word' id='word_1_46' title='bbox 1287 1017 1426 1075; x_wconf 82' lang='lat' dir='ltr'>natum</span> <span class='ocrx_word' id='word_1_47' title='bbox 1452 1016 1490 1076; x_wconf 91' lang='lat' dir='ltr'>et</span> <span class='ocrx_word' id='word_1_48' title='bbox 1510 999 1685 1078; x_wconf 84' lang='lat' dir='ltr'>humano</span> <span class='ocrx_word' id='word_1_49' title='bbox 1702 1003 1812 1078; x_wconf 88' lang='lat' dir='ltr'>cultu.</span> 
     </span>
     <span class='ocr_line' id='line_1_7' title="bbox 417 1121 1811 1230; baseline -0.002 -29"><span class='ocrx_word' id='word_1_50' title='bbox 417 1121 492 1200; x_wconf 85' lang='lat' dir='ltr'>Sed</span> <span class='ocrx_word' id='word_1_51' title='bbox 510 1150 557 1200; x_wconf 84' lang='lat' dir='ltr'>ex</span> <span class='ocrx_word' id='word_1_52' title='bbox 574 1147 619 1201; x_wconf 89' lang='lat' dir='ltr'>eo</span> <span class='ocrx_word' id='word_1_53' title='bbox 639 1121 765 1199; x_wconf 87' lang='lat' dir='ltr'>medio</span> <span class='ocrx_word' id='word_1_54' title='bbox 784 1121 893 1226; x_wconf 79' lang='lat' dir='ltr'>quasi</span> <span class='ocrx_word' id='word_1_55' title='bbox 918 1121 1026 1198; x_wconf 89' lang='lat' dir='ltr'>collis</span> <span class='ocrx_word' id='word_1_56' title='bbox 1046 1121 1257 1212; x_wconf 80' lang='lat' dir='ltr'>oriebatur,</span> <span class='ocrx_word' id='word_1_57' title='bbox 1280 1124 1323 1198; x_wconf 92' lang='lat' dir='ltr'>in</span> <span class='ocrx_word' id='word_1_58' title='bbox 1343 1124 1571 1198; x_wconf 86' lang='lat' dir='ltr'>immensum</span> <span class='ocrx_word' id='word_1_59' title='bbox 1586 1125 1811 1230; x_wconf 77' lang='lat' dir='ltr'>pertingens,</span> 
     </span>
     <span class='ocr_line' id='line_1_8' title="bbox 416 1243 1812 1350; baseline 0.002 -30"><span class='ocrx_word' id='word_1_60' title='bbox 416 1247 570 1324; x_wconf 76' lang='lat' dir='ltr'>vestitus</span> <span class='ocrx_word' id='word_1_61' title='bbox 587 1247 747 1322; x_wconf 84' lang='lat' dir='ltr'>oleastro</span> <span class='ocrx_word' id='word_1_62' title='bbox 771 1272 817 1321; x_wconf 88' lang='lat' dir='ltr'>ac</span> <span class='ocrx_word' id='word_1_63' title='bbox 835 1244 995 1322; x_wconf 83' lang='lat' dir='ltr'>mirtetis</span> <span class='ocrx_word' id='word_1_64' title='bbox 1013 1243 1173 1348; x_wconf 82' lang='lat' dir='ltr'>aliisque</span> <span class='ocrx_word' id='word_1_65' title='bbox 1193 1244 1392 1350; x_wconf 85' lang='lat' dir='ltr'>generibus</span> <span class='ocrx_word' id='word_1_66' title='bbox 1418 1247 1616 1336; x_wconf 80' lang='lat' dir='ltr'>arbonam,</span> <span class='ocrx_word' id='word_1_67' title='bbox 1641 1273 1730 1350; x_wconf 78' lang='lat' dir='ltr'>qnoe</span> <span class='ocrx_word' id='word_1_68' title='bbox 1747 1247 1812 1324; x_wconf 92' lang='lat' dir='ltr'>bu·</span> 
     </span>
     <span class='ocr_line' id='line_1_9' title="bbox 415 1367 1810 1475; baseline -0.001 -28"><span class='ocrx_word' id='word_1_69' title='bbox 415 1369 471 1447; x_wconf 88' lang='lat' dir='ltr'>mi</span> <span class='ocrx_word' id='word_1_70' title='bbox 492 1367 601 1446; x_wconf 88' lang='lat' dir='ltr'>arido</span> <span class='ocrx_word' id='word_1_71' title='bbox 624 1385 740 1472; x_wconf 83' lang='lat' dir='ltr'>atque</span> <span class='ocrx_word' id='word_1_72' title='bbox 759 1393 916 1445; x_wconf 83' lang='lat' dir='ltr'>arenoso</span> <span class='ocrx_word' id='word_1_73' title='bbox 935 1368 1156 1475; x_wconf 82' lang='lat' dir='ltr'>gignuntur.</span> <span class='ocrx_word' id='word_1_74' title='bbox 1188 1368 1315 1444; x_wconf 86' lang='lat' dir='ltr'>Media</span> <span class='ocrx_word' id='word_1_75' title='bbox 1336 1383 1464 1446; x_wconf 86' lang='lat' dir='ltr'>autem</span> <span class='ocrx_word' id='word_1_76' title='bbox 1475 1369 1658 1473; x_wconf 84' lang='lat' dir='ltr'>planicies</span> <span class='ocrx_word' id='word_1_77' title='bbox 1675 1370 1810 1448; x_wconf 86' lang='lat' dir='ltr'>deserta</span> 
     </span>
     <span class='ocr_line' id='line_1_10' title="bbox 412 1491 1810 1597; baseline 0.001 -29"><span class='ocrx_word' id='word_1_78' title='bbox 412 1493 577 1596; x_wconf 86' lang='lat' dir='ltr'>penuria</span> <span class='ocrx_word' id='word_1_79' title='bbox 596 1519 727 1596; x_wconf 83' lang='lat' dir='ltr'>aquae,</span> <span class='ocrx_word' id='word_1_80' title='bbox 751 1509 892 1597; x_wconf 73' lang='lat' dir='ltr'>praeter</span> <span class='ocrx_word' id='word_1_81' title='bbox 911 1491 1067 1566; x_wconf 85' lang='lat' dir='ltr'>flumini</span> <span class='ocrx_word' id='word_1_82' title='bbox 1090 1491 1309 1596; x_wconf 88' lang='lat' dir='ltr'>propinqua</span> <span class='ocrx_word' id='word_1_83' title='bbox 1325 1492 1434 1582; x_wconf 67' lang='lat' dir='ltr'>loce:</span> <span class='ocrx_word' id='word_1_84' title='bbox 1458 1517 1502 1568; x_wconf 87' lang='lat' dir='ltr'>ea</span> <span class='ocrx_word' id='word_1_85' title='bbox 1522 1492 1666 1568; x_wconf 85' lang='lat' dir='ltr'>consita</span> <span class='ocrx_word' id='word_1_86' title='bbox 1688 1495 1810 1570; x_wconf 72' lang='lat' dir='ltr'>asbus</span> 
     </span>
     <span class='ocr_line' id='line_1_11' title="bbox 367 1613 1811 1722; baseline 0 -30"><span class='ocrx_word' id='word_1_87' title='bbox 367 1615 481 1716; x_wconf 72' lang='lat' dir='ltr'>49tio,</span> <span class='ocrx_word' id='word_1_88' title='bbox 502 1641 638 1722; x_wconf 80' lang='lat' dir='ltr'>pecore</span> <span class='ocrx_word' id='word_1_89' title='bbox 660 1631 775 1718; x_wconf 84' lang='lat' dir='ltr'>atque</span> <span class='ocrx_word' id='word_1_90' title='bbox 801 1615 1013 1692; x_wconf 87' lang='lat' dir='ltr'>cultoribus</span> <span class='ocrx_word' id='word_1_91' title='bbox 1034 1613 1387 1715; x_wconf 80' lang='lat' dir='ltr'>frequentabantur.</span> <span class='ocrx_word' id='word_1_92' title='bbox 1432 1615 1555 1720; x_wconf 81' lang='lat' dir='ltr'>Igitur</span> <span class='ocrx_word' id='word_1_93' title='bbox 1577 1615 1618 1690; x_wconf 93' lang='lat' dir='ltr'>in</span> <span class='ocrx_word' id='word_1_94' title='bbox 1638 1643 1684 1692; x_wconf 91' lang='lat' dir='ltr'>eo</span> <span class='ocrx_word' id='word_1_95' title='bbox 1704 1618 1811 1706; x_wconf 86' lang='lat' dir='ltr'>colle,</span> 
     </span>
     <span class='ocr_line' id='line_1_12' title="bbox 384 1736 1808 1842; baseline 0 -26"><span class='ocrx_word' id='word_1_96' title='bbox 384 1813 390 1824; x_wconf 85' lang='grc'><em>,</em></span> <span class='ocrx_word' id='word_1_97' title='bbox 413 1763 530 1842; x_wconf 83' lang='lat' dir='ltr'>quem</span> <span class='ocrx_word' id='word_1_98' title='bbox 553 1755 763 1816; x_wconf 78' lang='lat' dir='ltr'>transvorso</span> <span class='ocrx_word' id='word_1_99' title='bbox 784 1738 921 1814; x_wconf 80' lang='lat' dir='ltr'>itinere</span> <span class='ocrx_word' id='word_1_100' title='bbox 943 1751 1163 1842; x_wconf 83' lang='lat' dir='ltr'>porrectum</span> <span class='ocrx_word' id='word_1_101' title='bbox 1187 1738 1406 1827; x_wconf 74' lang='lat' dir='ltr'><strong>docuimus,</strong></span> <span class='ocrx_word' id='word_1_102' title='bbox 1432 1736 1637 1842; x_wconf 77' lang='lat' dir='ltr'>Iugurtha,</span> <span class='ocrx_word' id='word_1_103' title='bbox 1659 1755 1808 1816; x_wconf 85' lang='lat' dir='ltr'>extenu-</span> 
     </span>
     <span class='ocr_line' id='line_1_13' title="bbox 411 1857 1808 1964; baseline -0.001 -27"><span class='ocrx_word' id='word_1_104' title='bbox 411 1878 475 1937; x_wconf 82' lang='lat' dir='ltr'>ata</span> <span class='ocrx_word' id='word_1_105' title='bbox 493 1888 652 1939; x_wconf 87' lang='lat' dir='ltr'>suorum</span> <span class='ocrx_word' id='word_1_106' title='bbox 671 1862 772 1949; x_wconf 90' lang='lat' dir='ltr'>acie,</span> <span class='ocrx_word' id='word_1_107' title='bbox 796 1857 991 1936; x_wconf 88' lang='lat' dir='ltr'>consedit:</span> <span class='ocrx_word' id='word_1_108' title='bbox 1015 1857 1234 1963; x_wconf 82' lang='lat' dir='ltr'>elephantis</span> <span class='ocrx_word' id='word_1_109' title='bbox 1247 1875 1286 1934; x_wconf 89' lang='lat' dir='ltr'>et</span> <span class='ocrx_word' id='word_1_110' title='bbox 1305 1859 1406 1964; x_wconf 88' lang='lat' dir='ltr'>parti</span> <span class='ocrx_word' id='word_1_111' title='bbox 1423 1859 1621 1963; x_wconf 90' lang='lat' dir='ltr'>copiarum</span> <span class='ocrx_word' id='word_1_112' title='bbox 1636 1863 1808 1964; x_wconf 86' lang='lat' dir='ltr'>pedestri-</span> 
     </span>
     <span class='ocr_line' id='line_1_14' title="bbox 412 1981 1807 2089; baseline 0.001 -29"><span class='ocrx_word' id='word_1_113' title='bbox 412 2009 481 2060; x_wconf 90' lang='lat' dir='ltr'>um</span> <span class='ocrx_word' id='word_1_114' title='bbox 502 1986 751 2060; x_wconf 78' lang='lat' dir='ltr'>bomilcarem</span> <span class='ocrx_word' id='word_1_115' title='bbox 773 1981 961 2086; x_wconf 73' lang='lat' dir='ltr'>prefecit,</span> <span class='ocrx_word' id='word_1_116' title='bbox 988 2008 1152 2087; x_wconf 85' lang='lat' dir='ltr'>eumque</span> <span class='ocrx_word' id='word_1_117' title='bbox 1175 1981 1324 2071; x_wconf 82' lang='lat' dir='ltr'>edocet,</span> <span class='ocrx_word' id='word_1_118' title='bbox 1349 2008 1436 2084; x_wconf 83' lang='lat' dir='ltr'>quae</span> <span class='ocrx_word' id='word_1_119' title='bbox 1455 2001 1602 2086; x_wconf 75' lang='lat' dir='ltr'>agemt:</span> <span class='ocrx_word' id='word_1_120' title='bbox 1625 1985 1707 2088; x_wconf 89' lang='lat' dir='ltr'>ipse</span> <span class='ocrx_word' id='word_1_121' title='bbox 1728 2011 1807 2089; x_wconf 88' lang='lat' dir='ltr'>pro·</span> 
     </span>
     <span class='ocr_line' id='line_1_15' title="bbox 411 2104 1804 2212; baseline 0 -32"><span class='ocrx_word' id='word_1_122' title='bbox 411 2107 499 2212; x_wconf 90' lang='lat' dir='ltr'>pior</span> <span class='ocrx_word' id='word_1_123' title='bbox 516 2122 687 2182; x_wconf 87' lang='lat' dir='ltr'>montem</span> <span class='ocrx_word' id='word_1_124' title='bbox 707 2133 797 2181; x_wconf 90' lang='lat' dir='ltr'>cum</span> <span class='ocrx_word' id='word_1_125' title='bbox 808 2104 915 2180; x_wconf 91' lang='lat' dir='ltr'>omni</span> <span class='ocrx_word' id='word_1_126' title='bbox 928 2105 1102 2206; x_wconf 87' lang='lat' dir='ltr'>equitatu</span> <span class='ocrx_word' id='word_1_127' title='bbox 1113 2121 1152 2182; x_wconf 87' lang='lat' dir='ltr'>et</span> <span class='ocrx_word' id='word_1_128' title='bbox 1166 2105 1357 2210; x_wconf 74' lang='lat' dir='ltr'>peditibus</span> <span class='ocrx_word' id='word_1_129' title='bbox 1371 2104 1523 2182; x_wconf 87' lang='lat' dir='ltr'>delectis</span> <span class='ocrx_word' id='word_1_130' title='bbox 1536 2134 1621 2184; x_wconf 90' lang='lat' dir='ltr'>suos</span> <span class='ocrx_word' id='word_1_131' title='bbox 1633 2107 1804 2184; x_wconf 89' lang='lat' dir='ltr'>collocat:</span> 
     </span>
     <span class='ocr_line' id='line_1_16' title="bbox 380 2227 1806 2334; baseline 0.001 -28"><span class='ocrx_word' id='word_1_132' title='bbox 380 2233 386 2244; x_wconf 81' lang='grc'><strong><em>’</em></strong></span> <span class='ocrx_word' id='word_1_133' title='bbox 412 2229 504 2306; x_wconf 87' lang='lat' dir='ltr'>dein</span> <span class='ocrx_word' id='word_1_134' title='bbox 523 2227 691 2334; x_wconf 77' lang='lat' dir='ltr'>singulas</span> <span class='ocrx_word' id='word_1_135' title='bbox 714 2245 857 2302; x_wconf 85' lang='lat' dir='ltr'>turmas</span> <span class='ocrx_word' id='word_1_136' title='bbox 872 2242 912 2302; x_wconf 87' lang='lat' dir='ltr'>et</span> <span class='ocrx_word' id='word_1_137' title='bbox 928 2228 1148 2331; x_wconf 86' lang='lat' dir='ltr'>manipulos</span> <span class='ocrx_word' id='word_1_138' title='bbox 1165 2229 1391 2304; x_wconf 85' lang='lat' dir='ltr'>circumiens</span> <span class='ocrx_word' id='word_1_139' title='bbox 1408 2247 1540 2306; x_wconf 88' lang='lat' dir='ltr'>monet</span> <span class='ocrx_word' id='word_1_140' title='bbox 1559 2247 1676 2334; x_wconf 79' lang='lat' dir='ltr'>atque</span> <span class='ocrx_word' id='word_1_141' title='bbox 1693 2233 1806 2308; x_wconf 85' lang='lat' dir='ltr'>obtes·</span> 
     </span>
     <span class='ocr_line' id='line_1_17' title="bbox 412 2347 1804 2460; baseline 0.003 -33"><span class='ocrx_word' id='word_1_142' title='bbox 412 2368 538 2434; x_wconf 86' lang='lat' dir='ltr'>tatur.</span> <span class='ocrx_word' id='word_1_143' title='bbox 572 2351 632 2426; x_wconf 91' lang='lat' dir='ltr'>uti</span> <span class='ocrx_word' id='word_1_144' title='bbox 650 2371 833 2426; x_wconf 81' lang='lat' dir='ltr'>memores</span> <span class='ocrx_word' id='word_1_145' title='bbox 856 2348 1026 2452; x_wconf 82' lang='lat' dir='ltr'>pristinoe</span> <span class='ocrx_word' id='word_1_146' title='bbox 1048 2347 1199 2426; x_wconf 83' lang='lat' dir='ltr'>virtutis</span> <span class='ocrx_word' id='word_1_147' title='bbox 1220 2367 1258 2426; x_wconf 89' lang='lat' dir='ltr'>et</span> <span class='ocrx_word' id='word_1_148' title='bbox 1287 2350 1454 2428; x_wconf 80' lang='lat' dir='ltr'>rictorioe</span> <span class='ocrx_word' id='word_1_149' title='bbox 1480 2377 1557 2429; x_wconf 84' lang='lat' dir='ltr'>sese</span> <span class='ocrx_word' id='word_1_150' title='bbox 1576 2380 1804 2460; x_wconf 77' lang='lat' dir='ltr'>regnumque</span> 
     </span>
     <span class='ocr_line' id='line_1_18' title="bbox 410 2470 1805 2568; baseline 0.001 -16"><span class='ocrx_word' id='word_1_151' title='bbox 410 2499 525 2552; x_wconf 84' lang='lat' dir='ltr'>suum</span> <span class='ocrx_word' id='word_1_152' title='bbox 540 2475 591 2550; x_wconf 86' lang='lat' dir='ltr'>ab</span> <span class='ocrx_word' id='word_1_153' title='bbox 608 2475 872 2550; x_wconf 86' lang='lat' dir='ltr'>Romanorum</span> <span class='ocrx_word' id='word_1_154' title='bbox 889 2470 1047 2548; x_wconf 84' lang='lat' dir='ltr'>avaritia</span> <span class='ocrx_word' id='word_1_155' title='bbox 1067 2471 1297 2548; x_wconf 83' lang='lat' dir='ltr'>defendant:</span> <span class='ocrx_word' id='word_1_156' title='bbox 1321 2472 1486 2548; x_wconf 82' lang='lat' dir='ltr'>cumbis</span> <span class='ocrx_word' id='word_1_157' title='bbox 1505 2492 1697 2554; x_wconf 67' lang='lat' dir='ltr'>cerumen</span> <span class='ocrx_word' id='word_1_158' title='bbox 1712 2480 1805 2568; x_wconf 80' lang='lat' dir='ltr'>lore,</span> 
     </span>
     <span class='ocr_line' id='line_1_19' title="bbox 411 2593 1803 2700; baseline 0.003 -28"><span class='ocrx_word' id='word_1_159' title='bbox 411 2621 507 2700; x_wconf 85' lang='lat' dir='ltr'>quos</span> <span class='ocrx_word' id='word_1_160' title='bbox 534 2611 646 2671; x_wconf 86' lang='lat' dir='ltr'>antea</span> <span class='ocrx_word' id='word_1_161' title='bbox 671 2595 789 2671; x_wconf 82' lang='lat' dir='ltr'>victos</span> <span class='ocrx_word' id='word_1_162' title='bbox 806 2593 879 2670; x_wconf 86' lang='lat' dir='ltr'>sub</span> <span class='ocrx_word' id='word_1_163' title='bbox 903 2595 1036 2700; x_wconf 76' lang='lat' dir='ltr'>iugum</span> <span class='ocrx_word' id='word_1_164' title='bbox 1058 2595 1250 2670; x_wconf 81' lang='lat' dir='ltr'>miserint:</span> <span class='ocrx_word' id='word_1_165' title='bbox 1275 2594 1412 2672; x_wconf 88' lang='lat' dir='ltr'>duoem</span> <span class='ocrx_word' id='word_1_166' title='bbox 1432 2597 1508 2671; x_wconf 90' lang='lat' dir='ltr'>illis</span> <span class='ocrx_word' id='word_1_167' title='bbox 1532 2625 1611 2674; x_wconf 92' lang='lat' dir='ltr'>non</span> <span class='ocrx_word' id='word_1_168' title='bbox 1635 2603 1803 2679; x_wconf 82' lang='lat' dir='ltr'>animum</span> 
     </span>
     <span class='ocr_line' id='line_1_20' title="bbox 411 2716 1802 2826; baseline 0.005 -33"><span class='ocrx_word' id='word_1_169' title='bbox 411 2733 629 2794; x_wconf 87' lang='lat' dir='ltr'>mutatum:</span> <span class='ocrx_word' id='word_1_170' title='bbox 654 2742 741 2820; x_wconf 79' lang='lat' dir='ltr'>quae</span> <span class='ocrx_word' id='word_1_171' title='bbox 756 2717 806 2792; x_wconf 84' lang='lat' dir='ltr'>ab</span> <span class='ocrx_word' id='word_1_172' title='bbox 826 2717 1055 2821; x_wconf 82' lang='lat' dir='ltr'>imperatore</span> <span class='ocrx_word' id='word_1_173' title='bbox 1074 2716 1292 2806; x_wconf 85' lang='lat' dir='ltr'>decuerint,</span> <span class='ocrx_word' id='word_1_174' title='bbox 1317 2717 1446 2794; x_wconf 89' lang='lat' dir='ltr'>omnia</span> <span class='ocrx_word' id='word_1_175' title='bbox 1468 2720 1543 2796; x_wconf 87' lang='lat' dir='ltr'>suis</span> <span class='ocrx_word' id='word_1_176' title='bbox 1564 2725 1732 2826; x_wconf 82' lang='lat' dir='ltr'>provisa;</span> <span class='ocrx_word' id='word_1_177' title='bbox 1754 2726 1802 2800; x_wconf 93' lang='lat' dir='ltr'>lo·</span> 
     </span>
     <span class='ocr_line' id='line_1_21' title="bbox 410 2840 1800 2948; baseline 0.008 -34"><span class='ocrx_word' id='word_1_178' title='bbox 410 2866 501 2926; x_wconf 86' lang='lat' dir='ltr'>cum</span> <span class='ocrx_word' id='word_1_179' title='bbox 517 2840 770 2945; x_wconf 83' lang='lat' dir='ltr'>superiorem,</span> <span class='ocrx_word' id='word_1_180' title='bbox 802 2854 849 2916; x_wconf 93' lang='lat' dir='ltr'>ut</span> <span class='ocrx_word' id='word_1_181' title='bbox 868 2840 1073 2943; x_wconf 84' lang='lat' dir='ltr'>prudentes</span> <span class='ocrx_word' id='word_1_182' title='bbox 1096 2865 1186 2916; x_wconf 88' lang='lat' dir='ltr'>cum</span> <span class='ocrx_word' id='word_1_183' title='bbox 1204 2840 1403 2945; x_wconf 84' lang='lat' dir='ltr'>imperitis,</span> <span class='ocrx_word' id='word_1_184' title='bbox 1431 2869 1480 2918; x_wconf 90' lang='lat' dir='ltr'>ne</span> <span class='ocrx_word' id='word_1_185' title='bbox 1501 2846 1698 2948; x_wconf 86' lang='lat' dir='ltr'>pauciores</span> <span class='ocrx_word' id='word_1_186' title='bbox 1720 2877 1800 2924; x_wconf 90' lang='lat' dir='ltr'>cum</span> 
     </span>
     <span class='ocr_line' id='line_1_22' title="bbox 409 2961 1798 3073; baseline 0.005 -35"><span class='ocrx_word' id='word_1_187' title='bbox 409 2962 587 3069; x_wconf 84' lang='lat' dir='ltr'>pluribus</span> <span class='ocrx_word' id='word_1_188' title='bbox 623 2979 693 3039; x_wconf 91' lang='lat' dir='ltr'>aut</span> <span class='ocrx_word' id='word_1_189' title='bbox 724 2963 838 3039; x_wconf 88' lang='lat' dir='ltr'>rudes</span> <span class='ocrx_word' id='word_1_190' title='bbox 864 2986 956 3073; x_wconf 84' lang='lat' dir='ltr'>otuu</span> <span class='ocrx_word' id='word_1_191' title='bbox 984 2961 1085 3037; x_wconf 93' lang='lat' dir='ltr'>bello</span> <span class='ocrx_word' id='word_1_192' title='bbox 1113 2961 1331 3039; x_wconf 85' lang='lat' dir='ltr'>melioribus</span> <span class='ocrx_word' id='word_1_193' title='bbox 1357 2991 1517 3041; x_wconf 88' lang='lat' dir='ltr'>manum</span> <span class='ocrx_word' id='word_1_194' title='bbox 1548 2990 1798 3068; x_wconf 74' lang='lat' dir='ltr'>consererent5</span> 
     </span>
    </p>
   </div>
   <div class='ocr_carea' id='block_1_3' title="bbox 403 3140 1879 4305">
    <p class='ocr_par' dir='ltr' id='par_1_3' title="bbox 404 3140 1798 3640">
     <span class='ocr_line' id='line_1_23' title="bbox 490 3140 1798 3231; baseline 0.009 -33"><span class='ocrx_word' id='word_1_195' title='bbox 490 3141 565 3222; x_wconf 82' lang='lat' dir='ltr'>Cap.</span> <span class='ocrx_word' id='word_1_196' title='bbox 585 3143 634 3214; x_wconf 71' lang='lat'>48.</span> <span class='ocrx_word' id='word_1_197' title='bbox 662 3140 783 3201; x_wconf 76' lang='lat' dir='ltr'>Muthul</span> <span class='ocrx_word' id='word_1_198' title='bbox 802 3143 842 3201; x_wconf 84' lang='lat' dir='ltr'>ita</span> <span class='ocrx_word' id='word_1_199' title='bbox 862 3151 1028 3202; x_wconf 82' lang='lat' dir='ltr'>constanter</span> <span class='ocrx_word' id='word_1_200' title='bbox 1047 3142 1153 3221; x_wconf 89' lang='lat' dir='ltr'>optimi</span> <span class='ocrx_word' id='word_1_201' title='bbox 1176 3141 1253 3201; x_wconf 85' lang='lat' dir='ltr'>libri.</span> <span class='ocrx_word' id='word_1_202' title='bbox 1279 3142 1373 3202; x_wconf 82' lang='lat' dir='ltr'>millia</span> <span class='ocrx_word' id='word_1_203' title='bbox 1400 3143 1476 3205; x_wconf 84' lang='lat' dir='ltr'>delet</span> <span class='ocrx_word' id='word_1_204' title='bbox 1491 3145 1587 3206; x_wconf 84' lang='lat' dir='ltr'>Gueli.</span> <span class='ocrx_word' id='word_1_205' title='bbox 1608 3170 1654 3214; x_wconf 71' lang='grc' dir='ltr'>υ.</span> <span class='ocrx_word' id='word_1_206' title='bbox 1684 3174 1724 3212; x_wconf 90' lang='lat' dir='ltr'>m.</span> <span class='ocrx_word' id='word_1_207' title='bbox 1745 3153 1798 3231; x_wconf 82' lang='lat' dir='ltr'>vig.</span> 
     </span>
     <span class='ocr_line' id='line_1_24' title="bbox 404 3243 1795 3338; baseline 0.006 -33"><span class='ocrx_word' id='word_1_208' title='bbox 404 3265 544 3328; x_wconf 72' lang='lat' dir='ltr'>porum</span> <span class='ocrx_word' id='word_1_209' title='bbox 561 3245 647 3306; x_wconf 75' lang='lat' dir='ltr'>Febr.</span> <span class='ocrx_word' id='word_1_210' title='bbox 664 3265 690 3306; x_wconf 83' lang='lat' dir='ltr'>r.</span> <span class='ocrx_word' id='word_1_211' title='bbox 717 3245 785 3326; x_wconf 81' lang='lat' dir='ltr'>Teg.</span> <span class='ocrx_word' id='word_1_212' title='bbox 811 3244 901 3304; x_wconf 77' lang='lat' dir='ltr'>Acad.</span> <span class='ocrx_word' id='word_1_213' title='bbox 929 3243 1027 3304; x_wconf 84' lang='lat' dir='ltr'>Turio.</span> <span class='ocrx_word' id='word_1_214' title='bbox 1048 3265 1068 3304; x_wconf 86' lang='lat' dir='ltr'>n</span> <span class='ocrx_word' id='word_1_215' title='bbox 1086 3263 1144 3322; x_wconf 81' lang='lat' dir='ltr'>quo</span> <span class='ocrx_word' id='word_1_216' title='bbox 1172 3247 1418 3325; x_wconf 75' lang='lat' dir='ltr'>proep.om.an.</span> <span class='ocrx_word' id='word_1_217' title='bbox 1447 3249 1527 3310; x_wconf 82' lang='lat' dir='ltr'>Leid.</span> <span class='ocrx_word' id='word_1_218' title='bbox 1541 3273 1569 3309; x_wconf 81' lang='lat' dir='ltr'>e.</span> <span class='ocrx_word' id='word_1_219' title='bbox 1583 3252 1612 3312; x_wconf 87' lang='lat' dir='ltr'>b.</span> <span class='ocrx_word' id='word_1_220' title='bbox 1624 3277 1650 3316; x_wconf 90' lang='lat' dir='ltr'>c.</span> <span class='ocrx_word' id='word_1_221' title='bbox 1665 3257 1696 3317; x_wconf 93' lang='lat' dir='ltr'>d.</span> <span class='ocrx_word' id='word_1_222' title='bbox 1709 3259 1795 3338; x_wconf 66' lang='lat' dir='ltr'>etg.</span> 
     </span>
     <span class='ocr_line' id='line_1_25' title="bbox 405 3344 1795 3439; baseline 0.007 -28"><span class='ocrx_word' id='word_1_223' title='bbox 405 3361 501 3412; x_wconf 66' lang='lat' dir='ltr'>tortus</span> <span class='ocrx_word' id='word_1_224' title='bbox 511 3357 574 3413; x_wconf 81' lang='lat' dir='ltr'>not.</span> <span class='ocrx_word' id='word_1_225' title='bbox 594 3349 662 3409; x_wconf 82' lang='lat' dir='ltr'>vin.</span> <span class='ocrx_word' id='word_1_226' title='bbox 675 3368 704 3407; x_wconf 87' lang='lat' dir='ltr'>a.</span> <span class='ocrx_word' id='word_1_227' title='bbox 724 3348 803 3436; x_wconf 73' lang='lat' dir='ltr'>Vnt.</span> <span class='ocrx_word' id='word_1_228' title='bbox 815 3368 842 3411; x_wconf 78' lang='lat' dir='ltr'>a.</span> <span class='ocrx_word' id='word_1_229' title='bbox 863 3347 897 3406; x_wconf 84' lang='lat' dir='ltr'>in</span> <span class='ocrx_word' id='word_1_230' title='bbox 911 3346 963 3407; x_wconf 83' lang='lat' dir='ltr'>im.</span> <span class='ocrx_word' id='word_1_231' title='bbox 976 3344 1153 3428; x_wconf 75' lang='lat' dir='ltr'>pertingens.</span> <span class='ocrx_word' id='word_1_232' title='bbox 1173 3347 1206 3406; x_wconf 85' lang='lat' dir='ltr'>in</span> <span class='ocrx_word' id='word_1_233' title='bbox 1224 3353 1363 3410; x_wconf 86' lang='lat' dir='ltr'>nonnulli</span> <span class='ocrx_word' id='word_1_234' title='bbox 1381 3351 1449 3412; x_wconf 89' lang='lat' dir='ltr'>libri</span> <span class='ocrx_word' id='word_1_235' title='bbox 1468 3374 1529 3420; x_wconf 87' lang='lat' dir='ltr'>om.</span> <span class='ocrx_word' id='word_1_236' title='bbox 1543 3359 1606 3416; x_wconf 79' lang='lat' dir='ltr'>aliis</span> <span class='ocrx_word' id='word_1_237' title='bbox 1618 3381 1686 3439; x_wconf 80' lang='lat' dir='ltr'>gen.</span> <span class='ocrx_word' id='word_1_238' title='bbox 1708 3361 1795 3424; x_wconf 79' lang='lat' dir='ltr'>Turis.</span> 
     </span>
     <span class='ocr_line' id='line_1_26' title="bbox 408 3451 1795 3529; baseline 0.008 -18"><span class='ocrx_word' id='word_1_239' title='bbox 408 3451 494 3512; x_wconf 79' lang='lat' dir='ltr'>burri</span> <span class='ocrx_word' id='word_1_240' title='bbox 516 3452 605 3513; x_wconf 85' lang='lat' dir='ltr'>crido</span> <span class='ocrx_word' id='word_1_241' title='bbox 628 3461 715 3529; x_wconf 78' lang='lat' dir='ltr'>utque</span> <span class='ocrx_word' id='word_1_242' title='bbox 737 3469 860 3511; x_wconf 80' lang='lat' dir='ltr'>arenoso</span> <span class='ocrx_word' id='word_1_243' title='bbox 879 3451 983 3510; x_wconf 71' lang='lat' dir='ltr'>bans.</span> <span class='ocrx_word' id='word_1_244' title='bbox 1004 3451 1321 3514; x_wconf 73' lang='lat' dir='ltr'>Vinar.1.1eid.l.l.</span> <span class='ocrx_word' id='word_1_245' title='bbox 1342 3455 1651 3524; x_wconf 61' lang='lat' dir='ltr'>subauditum.</span> <span class='ocrx_word' id='word_1_246' title='bbox 1672 3465 1795 3526; x_wconf 66' lang='lat' dir='ltr'>Palati.</span> 
     </span>
     <span class='ocr_line' id='line_1_27' title="bbox 407 3553 1794 3640; baseline 0.011 -27"><span class='ocrx_word' id='word_1_247' title='bbox 407 3553 492 3614; x_wconf 80' lang='lat' dir='ltr'>Paris.</span> <span class='ocrx_word' id='word_1_248' title='bbox 506 3575 570 3616; x_wconf 66' lang='lat' dir='ltr'>uc.</span> <span class='ocrx_word' id='word_1_249' title='bbox 589 3553 658 3614; x_wconf 78' lang='lat' dir='ltr'>Eoo.</span> <span class='ocrx_word' id='word_1_250' title='bbox 679 3553 776 3618; x_wconf 81' lang='lat' dir='ltr'>Gncli.</span> <span class='ocrx_word' id='word_1_251' title='bbox 790 3575 816 3621; x_wconf 83' lang='lat' dir='ltr'>r.</span> <span class='ocrx_word' id='word_1_252' title='bbox 827 3555 856 3625; x_wconf 75' lang='lat'>4.</span> <span class='ocrx_word' id='word_1_253' title='bbox 877 3556 964 3618; x_wconf 85' lang='lat' dir='ltr'>Prisc.</span> <span class='ocrx_word' id='word_1_254' title='bbox 980 3555 1087 3616; x_wconf 79' lang='lat'><strong>18.31.</strong></span> <span class='ocrx_word' id='word_1_255' title='bbox 1106 3578 1138 3638; x_wconf 86' lang='lat' dir='ltr'>p.</span> <span class='ocrx_word' id='word_1_256' title='bbox 1149 3576 1217 3640; x_wconf 86' lang='lat'>²7¹·</span> <span class='ocrx_word' id='word_1_257' title='bbox 1236 3559 1291 3619; x_wconf 79' lang='lat' dir='ltr'>td.</span> <span class='ocrx_word' id='word_1_258' title='bbox 1302 3559 1354 3620; x_wconf 77' lang='lat' dir='ltr'>lis.</span> <span class='ocrx_word' id='word_1_259' title='bbox 1374 3561 1595 3626; x_wconf 72' lang='lat' dir='ltr'>bumiinarilc</span> <span class='ocrx_word' id='word_1_260' title='bbox 1609 3588 1637 3628; x_wconf 86' lang='lat' dir='ltr'>a.</span> <span class='ocrx_word' id='word_1_261' title='bbox 1652 3589 1698 3630; x_wconf 82' lang='lat' dir='ltr'>or.</span> <span class='ocrx_word' id='word_1_262' title='bbox 1720 3571 1794 3632; x_wconf 80' lang='lat' dir='ltr'>Paris.</span> 
     </span>
    </p>

    <p class='ocr_par' dir='ltr' id='par_1_4' title="bbox 405 3655 1250 3741">
     <span class='ocr_line' id='line_1_28' title="bbox 405 3655 1250 3741; baseline 0.007 -25"><span class='ocrx_word' id='word_1_263' title='bbox 405 3655 437 3716; x_wconf 85' lang='lat' dir='ltr'>d.</span> <span class='ocrx_word' id='word_1_264' title='bbox 457 3655 539 3718; x_wconf 85' lang='lat' dir='ltr'>Leid.</span> <span class='ocrx_word' id='word_1_265' title='bbox 554 3677 583 3739; x_wconf 81' lang='lat' dir='ltr'>g.</span> <span class='ocrx_word' id='word_1_266' title='bbox 597 3658 618 3716; x_wconf 90' lang='lat' dir='ltr'>i.</span> <span class='ocrx_word' id='word_1_267' title='bbox 638 3657 728 3717; x_wconf 81' lang='lat' dir='ltr'>humo</span> <span class='ocrx_word' id='word_1_268' title='bbox 742 3657 831 3717; x_wconf 81' lang='lat' dir='ltr'>arido</span> <span class='ocrx_word' id='word_1_269' title='bbox 847 3677 877 3717; x_wconf 84' lang='lat' dir='ltr'>a.</span> <span class='ocrx_word' id='word_1_270' title='bbox 889 3677 1015 3717; x_wconf 81' lang='lat' dir='ltr'>arenosa</span> <span class='ocrx_word' id='word_1_271' title='bbox 1035 3660 1156 3741; x_wconf 82' lang='lat' dir='ltr'>plurimi</span> <span class='ocrx_word' id='word_1_272' title='bbox 1173 3661 1250 3722; x_wconf 86' lang='lat' dir='ltr'>libri.</span> 
     </span>
    </p>

    <p class='ocr_par' dir='ltr' id='par_1_5' title="bbox 403 3780 1879 4305">
     <span class='ocr_line' id='line_1_29' title="bbox 490 3780 1793 3880; baseline 0.014 -39"><span class='ocrx_word' id='word_1_273' title='bbox 490 3780 563 3864; x_wconf 83' lang='lat' dir='ltr'>Cap.</span> <span class='ocrx_word' id='word_1_274' title='bbox 575 3783 623 3864; x_wconf 71' lang='grc'>49.</span> <span class='ocrx_word' id='word_1_275' title='bbox 643 3783 715 3862; x_wconf 75' lang='lat' dir='ltr'>quui</span> <span class='ocrx_word' id='word_1_276' title='bbox 731 3792 830 3862; x_wconf 78' lang='lat' dir='ltr'>ageret</span> <span class='ocrx_word' id='word_1_277' title='bbox 851 3783 934 3846; x_wconf 79' lang='lat' dir='ltr'>Febr.</span> <span class='ocrx_word' id='word_1_278' title='bbox 956 3785 1052 3846; x_wconf 80' lang='lat' dir='ltr'>Guell.</span> <span class='ocrx_word' id='word_1_279' title='bbox 1063 3809 1093 3868; x_wconf 89' lang='lat'>9.</span> <span class='ocrx_word' id='word_1_280' title='bbox 1112 3787 1193 3848; x_wconf 69' lang='lat' dir='ltr'>leid.</span> <span class='ocrx_word' id='word_1_281' title='bbox 1205 3811 1229 3850; x_wconf 83' lang='lat' dir='ltr'>c.</span> <span class='ocrx_word' id='word_1_282' title='bbox 1250 3791 1322 3870; x_wconf 76' lang='lat' dir='ltr'>quid</span> <span class='ocrx_word' id='word_1_283' title='bbox 1338 3795 1424 3854; x_wconf 85' lang='lat' dir='ltr'>etiam</span> <span class='ocrx_word' id='word_1_284' title='bbox 1440 3795 1520 3858; x_wconf 69' lang='lat' dir='ltr'>Laid.</span> <span class='ocrx_word' id='word_1_285' title='bbox 1532 3819 1558 3863; x_wconf 83' lang='lat' dir='ltr'>s.</span> <span class='ocrx_word' id='word_1_286' title='bbox 1576 3800 1698 3880; x_wconf 82' lang='lat' dir='ltr'>propior</span> <span class='ocrx_word' id='word_1_287' title='bbox 1708 3801 1793 3862; x_wconf 83' lang='lat' dir='ltr'>monti</span> 
     </span>
     <span class='ocr_line' id='line_1_30' title="bbox 405 3879 1790 3978; baseline 0.012 -30"><span class='ocrx_word' id='word_1_288' title='bbox 405 3886 458 3948; x_wconf 74' lang='lat' dir='ltr'>bc.</span> <span class='ocrx_word' id='word_1_289' title='bbox 484 3885 568 3948; x_wconf 79' lang='lat' dir='ltr'>Item.</span> <span class='ocrx_word' id='word_1_290' title='bbox 582 3908 609 3946; x_wconf 82' lang='lat' dir='ltr'>a.</span> <span class='ocrx_word' id='word_1_291' title='bbox 638 3886 734 3946; x_wconf 85' lang='lat' dir='ltr'>Guell.</span> <span class='ocrx_word' id='word_1_292' title='bbox 751 3887 781 3946; x_wconf 81' lang='lat'>3.</span> <span class='ocrx_word' id='word_1_293' title='bbox 808 3896 836 3946; x_wconf 87' lang='lat' dir='ltr'>et</span> <span class='ocrx_word' id='word_1_294' title='bbox 850 3886 993 3967; x_wconf 69' lang='lat' dir='ltr'>peditibus</span> <span class='ocrx_word' id='word_1_295' title='bbox 1013 3891 1212 3953; x_wconf 63' lang='lat' dir='ltr'>delectorum</span> <span class='ocrx_word' id='word_1_296' title='bbox 1232 3892 1294 3956; x_wconf 80' lang='lat' dir='ltr'>beo</span> <span class='ocrx_word' id='word_1_297' title='bbox 1311 3879 1544 3978; x_wconf 59' lang='lat' dir='ltr'>plurimicodd.</span> <span class='ocrx_word' id='word_1_298' title='bbox 1565 3906 1660 3964; x_wconf 86' lang='lat' dir='ltr'>lectio.</span> <span class='ocrx_word' id='word_1_299' title='bbox 1680 3907 1790 3966; x_wconf 79' lang='lat' dir='ltr'>dilectos</span> 
     </span>
     <span class='ocr_line' id='line_1_31' title="bbox 404 3983 1879 4092; baseline 0.012 -40"><span class='ocrx_word' id='word_1_300' title='bbox 404 3983 471 4052; x_wconf 71' lang='lat' dir='ltr'>titos</span> <span class='ocrx_word' id='word_1_301' title='bbox 498 3991 592 4049; x_wconf 81' lang='lat' dir='ltr'>Senot.</span> <span class='ocrx_word' id='word_1_302' title='bbox 607 4010 633 4050; x_wconf 86' lang='lat' dir='ltr'>t.</span> <span class='ocrx_word' id='word_1_303' title='bbox 659 3993 718 4051; x_wconf 86' lang='lat' dir='ltr'>inc.</span> <span class='ocrx_word' id='word_1_304' title='bbox 733 4011 761 4055; x_wconf 82' lang='lat' dir='ltr'>a.</span> <span class='ocrx_word' id='word_1_305' title='bbox 787 3991 884 4063; x_wconf 80' lang='lat' dir='ltr'>Gueli.</span> <span class='ocrx_word' id='word_1_306' title='bbox 899 3992 965 4053; x_wconf 67' lang='lat' dir='ltr'>ab.</span> <span class='ocrx_word' id='word_1_307' title='bbox 993 4012 1081 4074; x_wconf 90' lang='lat' dir='ltr'>pron.</span> <span class='ocrx_word' id='word_1_308' title='bbox 1100 4014 1161 4054; x_wconf 89' lang='lat' dir='ltr'>om.</span> <span class='ocrx_word' id='word_1_309' title='bbox 1181 3995 1288 4058; x_wconf 84' lang='lat' dir='ltr'>Fabrio.</span> <span class='ocrx_word' id='word_1_310' title='bbox 1309 4021 1334 4058; x_wconf 85' lang='grc' dir='ltr'>ι.</span> <span class='ocrx_word' id='word_1_311' title='bbox 1355 4001 1472 4064; x_wconf 75' lang='lat' dir='ltr'>delectis</span> <span class='ocrx_word' id='word_1_312' title='bbox 1487 4003 1545 4064; x_wconf 78' lang='lat' dir='ltr'>attis</span> <span class='ocrx_word' id='word_1_313' title='bbox 1564 4009 1693 4092; x_wconf 83' lang='lat' dir='ltr'>quinque</span> <span class='ocrx_word' id='word_1_314' title='bbox 1706 4010 1788 4070; x_wconf 78' lang='lat' dir='ltr'>Cottii</span> <span class='ocrx_word' id='word_1_315' title='bbox 1878 4001 1879 4069; x_wconf 67' lang='lat' dir='ltr'>l</span> 
     </span>
     <span class='ocr_line' id='line_1_32' title="bbox 404 4087 1788 4176; baseline 0.017 -22"><span class='ocrx_word' id='word_1_316' title='bbox 404 4093 483 4158; x_wconf 84' lang='lat' dir='ltr'>libn&#39;.</span> <span class='ocrx_word' id='word_1_317' title='bbox 504 4093 617 4153; x_wconf 63' lang='lat' dir='ltr'>abab</span> <span class='ocrx_word' id='word_1_318' title='bbox 637 4087 720 4154; x_wconf 71' lang='lat' dir='ltr'>Febr.</span> <span class='ocrx_word' id='word_1_319' title='bbox 737 4113 763 4152; x_wconf 91' lang='grc' dir='ltr'>ι.</span> <span class='ocrx_word' id='word_1_320' title='bbox 784 4092 881 4152; x_wconf 85' lang='lat' dir='ltr'>Guelf.</span> <span class='ocrx_word' id='word_1_321' title='bbox 893 4115 923 4174; x_wconf 84' lang='lat'>9.</span> <span class='ocrx_word' id='word_1_322' title='bbox 942 4097 1002 4160; x_wconf 81' lang='lat' dir='ltr'>Eri.</span> <span class='ocrx_word' id='word_1_323' title='bbox 1030 4097 1203 4157; x_wconf 65' lang='lat' dir='ltr'>circinum</span> <span class='ocrx_word' id='word_1_324' title='bbox 1221 4099 1282 4167; x_wconf 79' lang='lat' dir='ltr'>Bes.</span> <span class='ocrx_word' id='word_1_325' title='bbox 1298 4125 1324 4163; x_wconf 83' lang='lat' dir='ltr'>t.</span> <span class='ocrx_word' id='word_1_326' title='bbox 1338 4106 1398 4167; x_wconf 79' lang='lat' dir='ltr'>inc.</span> <span class='ocrx_word' id='word_1_327' title='bbox 1412 4126 1437 4165; x_wconf 88' lang='lat' dir='ltr'>r.</span> <span class='ocrx_word' id='word_1_328' title='bbox 1458 4105 1601 4170; x_wconf 75' lang='lat' dir='ltr'>circuiens</span> <span class='ocrx_word' id='word_1_329' title='bbox 1615 4116 1710 4176; x_wconf 80' lang='lat' dir='ltr'>ceteri.</span> <span class='ocrx_word' id='word_1_330' title='bbox 1739 4133 1788 4176; x_wconf 75' lang='lat' dir='ltr'>test</span> 
     </span>
     <span class='ocr_line' id='line_1_33' title="bbox 403 4197 1878 4305; baseline 0.014 -47"><span class='ocrx_word' id='word_1_331' title='bbox 403 4199 764 4288; x_wconf 62' lang='lat' dir='ltr'>regnumqueomnesiere</span> <span class='ocrx_word' id='word_1_332' title='bbox 774 4197 850 4264; x_wconf 84' lang='lat' dir='ltr'>libri.</span> <span class='ocrx_word' id='word_1_333' title='bbox 872 4199 923 4262; x_wconf 81' lang='lat' dir='ltr'>sub</span> <span class='ocrx_word' id='word_1_334' title='bbox 937 4198 1117 4282; x_wconf 77' lang='lat' dir='ltr'>iugmisorat</span> <span class='ocrx_word' id='word_1_335' title='bbox 1135 4200 1215 4266; x_wconf 74' lang='lat' dir='ltr'>vro.</span> <span class='ocrx_word' id='word_1_336' title='bbox 1228 4203 1368 4270; x_wconf 68' lang='lat' dir='ltr'>almo</span> <span class='ocrx_word' id='word_1_337' title='bbox 1379 4207 1462 4270; x_wconf 77' lang='lat' dir='ltr'>nem.</span> <span class='ocrx_word' id='word_1_338' title='bbox 1479 4231 1504 4272; x_wconf 83' lang='grc' dir='ltr'>ι.</span> <span class='ocrx_word' id='word_1_339' title='bbox 1518 4213 1578 4276; x_wconf 84' lang='lat' dir='ltr'>inc.</span> <span class='ocrx_word' id='word_1_340' title='bbox 1589 4235 1614 4275; x_wconf 85' lang='lat' dir='ltr'>t.</span> <span class='ocrx_word' id='word_1_341' title='bbox 1634 4215 1784 4279; x_wconf 78' lang='lat' dir='ltr'>Leidbm</span> <span class='ocrx_word' id='word_1_342' title='bbox 1877 4231 1878 4305; x_wconf 59' lang='lat' dir='ltr'>t</span> 
     </span>
    </p>
   </div>
   <div class='ocr_carea' id='block_1_4' title="bbox 0 0 1930 4867">
    <p class='ocr_par' dir='ltr' id='par_1_6' title="bbox 0 0 1930 4867">
     <span class='ocr_line' id='line_1_34' title="bbox 0 0 1930 4867; baseline 0 7"><span class='ocrx_word' id='word_1_343' title='bbox 0 0 1930 4867; x_wconf 95' lang='lat' dir='ltr'> </span> 
     </span>
    </p>
   </div>
  </div>
 </body>
</html>
