3850 4867
1455 349 1527 425 2¹7

97 482 289 585 vidistis,
316 512 355 572 et
374 498 576 603 sepulchra
599 496 739 577 infecta
766 497 951 606 sanguine
969 496 1081 575 civili
1117 500 1234 576 Estne
1262 500 1352 577 viris
1387 501 1528 608 reliqui

95 608 244 706 aliud,
278 646 401 722 quum
424 625 564 702 solvere
586 624 770 702 iniuriam
795 640 864 699 aut
885 623 984 700 mori
1006 649 1075 727 per
1103 622 1309 702 virtutem?
1341 628 1528 729 quoniam

93 736 282 836 quidem
305 770 432 823 unum
451 748 629 825 omnibus
649 747 766 823 finem
784 762 923 824 natum
944 745 1004 823 vel
1021 745 1122 823 ferro
1140 748 1253 853 septis
1271 750 1433 826 statuit:
1459 778 1526 829 no-

92 884 179 962 que
206 867 430 973 quisqrem
443 889 658 951 extremam
686 870 943 949 necessitatem
969 868 1073 946 nihil
1092 897 1225 964 ausus,
1249 872 1323 950 nisi
1345 873 1526 953 muliebri

90 981 296 1091 iugenio,
319 1012 516 1101 exspectat
549 1000 695 1073 Verum
716 1022 783 1100 ego
802 993 1019 1084 seditiosus,
1040 994 1101 1071 uti
1120 994 1226 1071 Sulla
1246 997 1323 1088 nit,
1348 998 1417 1101 qui
1429 1026 1527 1104 prae·

91 1110 180 1185 mia
206 1116 428 1197 turhnrum
448 1146 610 1225 queror3
635 1136 674 1198 et
698 1119 843 1196 bellum
866 1118 1042 1221 cupiens,
1066 1119 1136 1221 qui
1159 1118 1244 1195 iura
1263 1122 1367 1225 pacis
1386 1142 1526 1231 repeto.

91 1234 295 1331 Scilicet,
319 1243 412 1346 quia
432 1270 513 1321 non
530 1242 642 1321 nliter
665 1243 761 1321 solvi
779 1243 943 1345 satisque
964 1242 1039 1347 tuti
1058 1242 1100 1317 in
1122 1243 1284 1347 imperio
1303 1247 1425 1339 eritis,
1449 1251 1524 1328 nisi

93 1360 269 1439 Vettius
282 1366 415 1443 Picens
433 1386 471 1445 et
490 1368 614 1445 scriba
624 1366 841 1459 Cornelius,
857 1366 996 1471 aliene·
1006 1366 1104 1441 bene
1119 1384 1252 1471 parate
1265 1368 1523 1477 prodegerint:

95 1483 178 1560 nisi
201 1488 471 1594 adprobaritis
502 1519 631 1569 omnes
661 1490 977 1597 proscriptionem
1002 1490 1250 1569 innoxiorum
1273 1495 1324 1569 ob
1352 1496 1523 1575 divitiae

97 1611 316 1689 cruciatus
346 1614 520 1693 virorum
549 1616 781 1704 illustrium,
822 1630 967 1689 vastem
994 1616 1131 1691 urbem
1154 1614 1244 1721 fuga
1270 1634 1309 1693 et
1337 1620 1523 1713 caedibus,

100 1730 214 1810 bona
232 1736 384 1815 civium
394 1740 618 1815 miserorum
637 1738 744 1842 quasi
754 1736 985 1813 Cimbricam
1000 1737 1170 1840 praedam
1180 1764 1321 1815 venum
1336 1762 1406 1820 aut
1420 1745 1522 1823 dono

103 1854 258 1937 (latam.
289 1866 340 1938 At
357 1863 521 1939 obiectat
531 1862 628 1938 mihi
641 1861 881 1967 possessiones
892 1886 939 1937 ex
951 1860 1062 1935 bonis
1076 1862 1395 1967 proscriptomm:
1416 1872 1522 1973 quod

103 1982 283 2081 quidem
299 1987 484 2063 scelerum
507 1988 611 2061 illins
631 1985 690 2061 vel
710 2010 934 2060 maxumum
956 2000 1030 2074 est,
1054 2011 1135 2059 non
1155 2011 1217 2061 me
1244 2014 1370 2094 neque
1389 2020 1521 2096 qnem-
1625 2015 1627 2018 ·

107 2128 236 2205 qtram
258 2110 437 2186 omnium
458 2110 547 2185 satis
573 2125 702 2185 tutum
722 2106 850 2197 fuisse,
873 2105 1024 2182 sirecte
1046 2106 1260 2186 faceremus.
1297 2117 1422 2216 Atque
1444 2118 1520 2210 illa,

109 2252 199 2327 quae
226 2250 320 2311 tum
343 2234 550 2310 formidine
577 2247 763 2314 mercatus
788 2256 892 2319 sum,
926 2232 1066 2333 pretio,
1091 2232 1217 2310 soluto
1241 2233 1334 2328 iure,
1355 2238 1520 2319 dominis

112 2368 252 2435 tamen
273 2359 431 2443 restituo
451 2382 469 2435 ε·
486 2383 611 2459 neque
629 2354 712 2459 pati
732 2351 935 2431 consilium
956 2370 1026 2443 est,
1049 2353 1171 2429 ullam
1194 2382 1241 2431 ex
1259 2359 1403 2438 civibus
1423 2390 1519 2470 prae-

114 2475 207 2557 dnm
234 2508 325 2559 ense.
374 2482 470 2558 Satis
494 2480 561 2557 illa
590 2478 766 2566 fuerint,
791 2500 878 2579 quae
906 2475 1013 2551 rabie
1036 2492 1231 2554 contrecta
1261 2481 1518 2579 toleravimus,

114 2586 260 2683 manus
285 2622 519 2683 conserentes
537 2604 637 2681 inter
654 2627 692 2677 se
717 2590 906 2676 Romanos
921 2599 1122 2691 exercitus,
1147 2617 1187 2677 et
1204 2628 1311 2680 arma
1329 2608 1380 2683 ab
1398 2628 1519 2690 exter.

117 2728 176 2805 nis
196 2731 245 2807 in
279 2746 427 2807 nosmet
446 2754 563 2807 vorsa.
612 2725 804 2803 Scelerum
828 2739 867 2801 et
887 2720 1209 2801 contumeliarum
1232 2731 1408 2810 omnium
1430 2734 1519 2815 finis

118 2850 173 2927 sit
226 2855 410 2955 Quorum
429 2852 524 2931 adeo
538 2851 685 2928 Sullam
702 2875 783 2925 non
800 2846 985 2952 poenitet,
1000 2861 1102 2924 utet
1120 2846 1221 2926 fucta
1245 2850 1289 2928 in
1304 2837 1426 2959 gloria
1444 2887 1518 2938 nu·

118 2994 265 3070 meret,
290 2996 345 3071 et,
368 2978 400 3053 si
425 2978 553 3068 liceat,
578 2974 723 3051 avidius
741 2972 880 3050 feeerit.
929 2972 1061 3074 Neque
1080 2971 1158 3048 inm
1175 2974 1270 3077 quid
1288 2978 1519 3064 existumetis

121 3094 168 3173 de
184 3099 272 3195 illo,
296 3101 362 3179 sed
377 3116 568 3205 quantum
577 3124 641 3175 vos
658 3095 841 3188 audeatis,
864 3120 1015 3173 vereor:
1041 3121 1109 3188 ne,
1124 3095 1224 3174 alius
1237 3098 1358 3178 alium
1373 3107 1519 3209 princi.

123 3246 211 3324 pem
224 3240 501 3331 exspectantes,
533 3239 623 3300 ante
650 3220 880 3328 capiamini,
903 3248 986 3298 non
1012 3220 1148 3326 opibus
1167 3224 1265 3315 eius,
1285 3251 1372 3329 quae
1388 3230 1517 3309 firtiles

123 3362 161 3421 et
187 3366 379 3456 corruptae
404 3363 510 3440 sunt,
531 3347 599 3423 sed
619 3362 739 3424 vestro
760 3343 949 3434 socorrlia,
974 3371 1091 3449 quam
1110 3362 1265 3451 raptum
1291 3348 1341 3424 iri
1366 3350 1455 3429 lieet
1477 3372 1517 3432 et

127 3494 245 3572 quem
264 3474 404 3552 audent
417 3488 496 3553 tam
516 3470 636 3549 videri
662 3469 820 3549 felicem
867 3471 965 3547 Nam
986 3484 1125 3573 praeter
1145 3468 1321 3547 satellitoe
1350 3500 1517 3556 comma.

130 3686 157 3728 t·
173 3668 267 3750 irwps.
286 3673 441 3756 cogitandi
450 3673 545 3737 ceteri
565 3671 874 3733 ruaeeedomseeienon
886 3667 998 3733 Carrio.
1018 3670 1151 3729 mercede
1168 3672 1228 3731 elii.
1248 3670 1301 3750 qui
1312 3674 1436 3753 premia
1451 3698 1519 3739 me.

130 3773 213 3837 liores
229 3779 314 3854 libri,
334 3779 451 3841 testibus
461 3776 568 3839 Ursino
582 3786 611 3837 et
623 3774 791 3841 Gincconio.
818 3772 870 3854 qui
885 3774 953 3835 iuro
967 3792 1068 3834 omnes
1081 3772 1168 3850 libri,
1187 3796 1251 3837 nou
1268 3778 1347 3856 quio.
1375 3788 1405 3841 et
1420 3783 1518 3845 scrita

130 3885 302 3946 tttntsditio
316 3895 346 3946 et
354 3884 422 3947 rab.
442 3882 541 3943 alieno
557 3882 627 3943 bene
636 3889 726 3962 portu
736 3879 814 3945 Edit
821 3878 920 3941 Onon.
932 3876 1042 3962 Delph.
1050 3879 1166 3960 Popmte
1181 3892 1210 3941 et
1221 3880 1367 3947 centonis
1377 3883 1517 3972 lntvmp.

136 3982 216 4069 ¹579.
255 3988 446 4073 appreendit
468 4006 567 4049 orrum
579 3984 820 4067 pmtcrt'plt‘ontm
844 3986 885 4046 ila
901 3984 1077 4065 antiquiores
1102 3983 1181 4046 libri·
1214 3997 1362 4051 mmmm
1382 3994 1448 4054 urb.
1475 3997 1518 4057 ita

136 4099 198 4152 ento
217 4094 387 4159 Curionem
409 4093 532 4159 editum.
560 4090 659 4153 obiicit
676 4092 789 4172 nliqnot
804 4087 894 4155 mitt
920 4097 1039 4168 optruuo
1052 4088 1162 4168 putto,
1181 4090 1275 4153 soluto
1295 4092 1380 4167 iuro,
1398 4096 1517 4162 mlitno

140 4193 261 4263 dominis
276 4202 318 4265 ite
333 4202 473 4263 nonnulli
491 4207 559 4259 suto
571 4194 706 4258 Carrion.
723 4194 775 4255 ulii
788 4194 881 4255 alite.
901 4212 970 4255 nm
985 4191 1059 4254 drot
1075 4185 1152 4259 Bric.
1172 4204 1289 4276 ruptum
1304 4196 1346 4259 tn·
1357 4218 1460 4263 omnes
1474 4205 1515 4263 ll-

1071 4322 1119 4397 28
