3850 4867
373 334 433 384 xlv
451 408 454 415 Ι

372 489 543 567 laudavit
564 545 574 578 ‚
612 514 698 593 quae
729 489 883 597 ingenio
909 514 1040 565 rerum
1066 516 1254 566 novarum
1287 491 1532 597 cupidissimo
1552 510 1660 599 grata
1691 493 1778 571 fue·

371 632 484 707 runt,
508 631 546 691 et
572 613 612 689 in
638 614 766 690 omnia
799 614 874 689 alia
905 613 1033 705 abire,
1058 640 1176 717 quam
1200 615 1392 693 librorum
1410 618 1777 696 Masauctoritatem

370 739 582 845 expendere
606 738 752 815 maluit

470 867 525 940 Ne
537 868 733 939 Putscbius
747 862 918 967 quidem,
944 861 1119 967 praeclari
1138 863 1283 969 ingenii
1303 864 1375 955 vir,
1387 881 1427 941 et
1441 864 1490 941 de
1509 868 1776 973 grammatico-

371 1014 459 1066 rum
487 989 738 1092 antiquorum
754 986 880 1089 stpdio
901 987 1045 1091 optime
1062 989 1231 1080 meritus,
1245 1016 1302 1080 ea,
1317 1016 1394 1093 qua
1413 990 1629 1096 religiosum
1643 1009 1774 1068 testem

369 1114 493 1205 decet,
520 1114 717 1221 diligentia
738 1112 854 1189 Codd.
874 1112 1054 1189 lectiones
1072 1115 1233 1206 notavit,
1261 1115 1366 1218 quod
1382 1116 1499 1221 magis
1514 1115 1631 1191 etiam
1642 1116 1775 1193 dolen·

369 1240 482 1331 dum,
509 1240 614 1344 quod
636 1240 757 1315 bonos
785 1237 901 1313 libros
922 1235 1184 1328 Rittershusii,
1211 1238 1423 1329 Ciacconii,
1450 1238 1596 1315 Cuiacii
1621 1241 1773 1317 Vatica-

371 1393 484 1455 num,
510 1371 766 1469 Augustanos,
789 1360 983 1466 Bongarsii
997 1360 1172 1451 schedas,
1192 1380 1370 1468 praeterea
1392 1364 1594 1469 proprium
1611 1366 1772 1457 libru'm,

369 1489 437 1590 qui
465 1514 572 1563 nunc
600 1504 654 1563 est
680 1488 773 1563 llibl.
801 1486 1081 1589 Lugdunensis,
1114 1486 1149 1562 ci
1185 1486 1227 1561 in
1262 1504 1445 1591 promptu
1479 1488 1604 1563 fuisse·
1617 1506 1771 1565 constat.

368 1613 493 1687 Multo
519 1613 733 1687 accuratius
756 1611 943 1687 Gruterus
957 1610 1112 1688 Codices
1129 1612 1379 1702 examinavit,
1403 1636 1498 1715 quos
1519 1612 1682 1718 optimos
1703 1611 1774 1687 ha·

365 1737 456 1813 buit
481 1736 715 1813 Bibliotheca
730 1736 922 1841 palatina,
944 1737 1007 1812 cui
1030 1753 1112 1813 erat
1132 1737 1339 1842 praefect'us.
1365 1738 1465 1813 xlv.
1488 1736 1603 1813 Codd.
1621 1738 1771 1841 copiam

368 1860 403 1937 ei
429 1860 703 1964 suppeditavit,
729 1860 777 1937 de
795 1860 935 1963 ‹pribus
953 1862 1104 1965 passim,
1123 1886 1210 1963 quae
1229 1879 1443 1937 memoratu
1460 1861 1576 1965 digna
1590 1854 1773 1937 videban-

364 2001 450 2073 tur,
462 1986 616 2061 notavit.
643 1986 951 2063 Commclianum
967 1984 1063 2059 dicit
1080 1984 1161 2088 ipsa
1178 2001 1361 2060 vetustate
1373 2010 1540 2075 exesum,
1551 1986 1770 2061 Palatinum

368 2110 632 2185 Notariumex
645 2110 798 2213 optimis
811 2108 938 2195 libris,
957 2106 1026 2210 qui
1049 2134 1170 2209 usque
1186 2108 1236 2183 ad
1250 2108 1444 2213 lugurtbae
1456 2137 1485 2185 c.
1507 2112 1583 2185 Xe
1594 2111 1768 2215 pertinet

366 2235 490 2311 ,ceteri
513 2262 584 2339 pro
602 2260 669 2309 sua
693 2235 855 2336 quisque
872 2232 1046 2306 bonitate
1067 2230 1236 2307 numeris
1250 2232 1549 2337 distinguuntur.
1583 2236 1768 2311 Recentis·

366 2360 507 2436 simum
530 2358 605 2432 Pal.
619 2360 699 2432 XII.
725 2358 913 2460 scriptum
931 2372 1066 2431 narrat
1088 2356 1350 2448 MCCCLVll3
1382 2356 1457 2431 Pal.
1475 2359 1538 2431 ut
1563 2358 1698 2434 litteris
1718 2386 1771 2436 es·

352 2508 405 2569 ,se
421 2484 605 2573 evanidis,
630 2498 668 2557 et
693 2481 828 2585 saepius
847 2480 896 2555 ab
916 2480 992 2555 alia
1012 2507 1133 2555 manu
1152 2481 1356 2583 corruptis,
1382 2505 1472 2556 cum
1491 2481 1689 2585 scripturas
1713 2511 1770 2560 ve·

362 2608 456 2683 teris
478 2606 629 2711 vestigia
650 2630 730 2681 non
751 2606 896 2709 ubique
915 2620 1059 2680 servata
1080 2604 1165 2699 sint
1200 2602 1246 2678 ld
1274 2604 1379 2706 quod
1407 2602 1521 2680 etiam
1542 2604 1699 2682 Nazario
1725 2608 1770 2683 li·

252 2774 258 2785 ·
365 2734 438 2807 bro
456 2731 603 2809 accidit
639 2730 714 2804 Pal.
729 2732 773 2803 lt
801 2730 901 2806 inter
921 2728 1041 2803 aniles
1060 2727 1175 2803 refert
1190 2726 1449 2819 membranas,
1475 2730 1550 2804 Pal.
1562 2728 1627 2807 Ill.
1655 2731 1771 2829 intes·-

354 2856 464 2963 'dum
497 2859 594 2932 bene
619 2876 793 2944 monere,
810 2854 884 2931 sed
907 2852 1008 2927 male
1028 2880 1051 2926 a
1073 2850 1346 2956 glossographis
1372 2871 1571 2958 acceptum
1595 2854 1696 2930 dicit.

431 2981 604 3085 Amplius
621 2977 860 3083 septuaginta
880 2975 988 3050 libris
1007 3002 1046 3049 se
1067 3001 1179 3049 usum
1199 3001 1273 3050 esse
1287 2976 1457 3053 Wassius
1470 2978 1689 3068 confirmat,
1706 2979 1769 3055 sed

367 3107 415 3183 de
432 3106 564 3211 paucis
582 3102 794 3179 accuratius
814 3101 896 3206 egit
923 3099 1073 3174 Laudat
1086 3099 1264 3174 Codicem
1280 3126 1326 3175 ex
1340 3099 1573 3176 Bibliotheca
1582 3104 1629 3177 Ι).
1638 3104 1767 3177 Marti-

366 3232 410 3306 ni
428 3232 460 3304 ci
488 3230 678 3316 oblatum,
702 3228 743 3301 in
761 3226 984 3300 membrana
1005 3221 1168 3327 pulchre
1185 3223 1250 3312 sed
1269 3224 1413 3298 recenti
1431 3250 1552 3300 manu
1565 3243 1770 3319 exaratum3

368 3354 489 3428 alium
509 3382 587 3429 non
602 3352 725 3427 multo
745 3349 1005 3439 vetustiorem,
1020 3346 1155 3423 litter-is
1174 3348 1361 3449 scriptum
1381 3348 1618 3447 minusculis,
1641 3366 1770 3426 etma-

299 3506 301 3513 '
368 3478 405 3551 la
427 3505 552 3551 manu
575 3475 859 3578 interpolatum,
883 3499 999 3575 quem
1019 3471 1054 3545 ei
1068 3471 1324 3574 suppeditavit
1344 3469 1577 3547 Bibliotheca
1604 3474 1767 3549 Publica.

369 3602 535 3704 Optimae
558 3586 656 3673 notae
680 3598 835 3672 tertium
853 3595 969 3709 dicit,
994 3594 1101 3668 cuius
1125 3594 1350 3698 inspiciendi
1374 3596 1524 3699 copiam
1541 3596 1576 3670 ei
1598 3596 1770 3673 lecerunt

356 3724 507 3801 'eruditi
520 3722 856 3799 Pcmbrochienses.
882 3722 1064 3795 Praeterea
1083 3717 1176 3795 alios
1190 3718 1302 3808 duos,
1319 3746 1426 3821 pares
1438 3720 1610 3794 bonitate
1625 3722 1769 3825 accepit

368 3848 418 3923 ab
434 3848 631 3926 Hadriano
654 3844 807 3921 a'Mark
822 3842 956 3941 (Marlc
969 3843 1079 3939 La.)
1114 3846 1360 3917 Accesserunt
1377 3841 1558 3917 lectiones
1583 3843 1769 3923 variantes

366 3996 430 4047 sex
454 3972 568 4047 Codd.
597 3969 891 4057 Oxoniensium,
924 3966 1212 4071 multorumque
1241 3964 1407 4042 aliorum
1430 3966 1641 4058 librorum,
1675 3992 1768 4073 quos

280 4172 281 4177 ,
368 4094 580 4169 accuratius
603 4121 684 4168 non
705 4092 907 4196 descripsit.
945 4097 993 4168 In
1017 4092 1330 4197 praestantissimis
1354 4107 1533 4168 numerat
1546 4088 1768 4168 Arondelia-

369 4245 487 4307 num,
513 4216 581 4321 qui
595 4216 689 4292 olim
707 4214 784 4290 fuit
807 4215 990 4294 liilibaldi
1006 4199 1278 4307 ¹Pirltheimeri,
1296 4232 1419 4319 atque
1443 4214 1626 4320 Regium,
1650 4240 1767 4320 quem

368 4341 403 4421 ei
429 4341 570 4419 obtulit
594 4340 789 4417 bentleius.
