3850 4867
399 306 471 399 246

399 498 550 592 partem
563 490 763 555 sumtuum
780 465 970 543 sustinent
988 493 996 535 :
1024 456 1076 535 ita
1096 458 1231 547 classe,
1254 480 1341 558 qum
1360 463 1591 527 commeatus
1608 442 1780 525 tuebatur,

400 610 550 685 minore
577 628 695 705 quam
713 611 824 671 antea
843 588 1071 689 navigamus.
1096 584 1187 655 llaec
1212 580 1243 653 si
1271 578 1360 653 dolo
1385 590 1454 649 aut
1475 569 1644 647 socordia
1668 580 1782 641 nostra

402 744 599 825 contracta
612 738 718 809 sunt,
735 716 852 820 agite,
870 710 929 785 uti
946 723 1077 783 monet
1096 706 1170 794 ira,
1184 701 1418 806 supplicium
1438 696 1576 773 sumite
1595 725 1604 765 ε
1621 691 1678 766 sin
1696 714 1782 762 com-

403 855 531 933 munis
554 851 710 927 fortuna
733 837 899 942 asperior
926 848 1000 919 est,
1025 854 1144 933 quare
1165 826 1323 930 indigna
1344 822 1449 898 vobis
1478 817 1664 917 nobisque
1682 829 1717 887 et
1735 836 1785 884 re·

405 976 563 1085 publica
592 964 794 1071 incipitis?
819 964 944 1061 Atque
974 979 1061 1057 ego,
1086 950 1196 1026 cuius
1219 947 1321 1023 aetati
1339 970 1440 1021 mors
1454 940 1613 1047 propior
1628 954 1694 1025 cst,
1717 961 1787 1009 non

403 1103 587 1207 deprecor
597 1126 608 1189 3
625 1092 657 1168 si
681 1084 778 1191 quid
794 1109 838 1158 ea
864 1077 975 1189 robis
994 1068 1425 1156 incommodi'demitur‚
1451 1090 1576 1166 neque
1596 1049 1684 1135 mox
1699 1060 1789 1160 inge

404 1251 486 1305 nuo
513 1214 665 1324 corpori
678 1204 875 1287 honestius
898 1224 1018 1304 qurum
1036 1222 1108 1303 pro
1123 1210 1242 1286 restra
1258 1191 1380 1269 salute
1398 1190 1515 1264 finem
1532 1186 1619 1261 vitae
1641 1182 1791 1258 fecerim

404 1348 549 1427 Adsum
560 1342 629 1419 eu!
650 1338 717 1414 Cn.
737 1333 860 1418 Cotta,
871 1321 1032 1414 Consul,
1052 1318 1152 1395 facio
1164 1314 1271 1421 quod
1282 1338 1379 1419 saepe
1396 1310 1564 1409 maiores
1573 1305 1710 1413 asperis
1725 1304 1794 1380 bel·

405 1474 453 1551 lis
480 1469 625 1561 fecere3
658 1481 773 1535 voveo
799 1449 974 1551 dedoque
995 1470 1058 1519 me
1085 1467 1157 1547 pro
1187 1435 1402 1553 republioq,
1434 1459 1553 1538 quam
1579 1429 1717 1509 deinde
1741 1427 1793 1503 oui

407 1589 598 1673 mandetis
618 1574 906 1683 circumspicite
944 1572 1042 1645 Nam
1064 1566 1180 1642 talem
1198 1562 1386 1639 honorem
1406 1560 1531 1635 boum
1550 1582 1663 1632 nemo
1685 1553 1794 1640 volet,

407 1744 531 1825 quum
558 1713 724 1791 fortuuae
738 1718 777 1779 et
799 1696 913 1775 maris
936 1710 975 1769 et
995 1689 1087 1766 belli
1113 1688 1163 1763 ab
1192 1686 1277 1763 aliis
1301 1684 1377 1760 acti
1400 1682 1498 1758 ratio
1522 1678 1716 1757 reddenda
1740 1692 1793 1752 aut

410 1842 575 1947 turpiter
596 1826 840 1911 moriendum
859 1821 916 1895 sit
966 1811 1250 1891 Tantummodo
1273 1809 1316 1885 in
1349 1806 1486 1883 animis
1508 1804 1703 1893 habetote,
1728 1828 1792 1876 nor

409 1994 471 2045 me
505 1964 554 2041 ob
578 1958 699 2035 scelus
717 1964 787 2027 out
812 1941 1013 2023 avaritiam
1048 1962 1208 2024 caesum,
1227 1932 1291 2008 sed
1312 1931 1502 2006 volentem
1520 1956 1593 2043 pro
1624 1924 1794 2004 maxumis

409 2088 603 2171 beneficiis
628 2080 799 2156 animam
822 2071 927 2145 dono
950 2063 1100 2139 dedisse.
1151 2063 1221 2135 Per
1237 2082 1301 2134 vos
1322 2058 1453 2161 igitur,
1482 2052 1718 2147 Quirites‚et
1731 2050 1793 2154 glo

410 2218 508 2294 riam
524 2208 731 2290 maiorum,
746 2195 903 2273 tolerate
919 2187 1076 2263 advorsa
1094 2199 1133 2259 et
1149 2180 1336 2259 consulite
1355 2177 1583 2282 reipublicae.
1607 2175 1731 2249 Multa
1746 2198 1793 2249 cu.

411 2368 455 2419 ra
469 2357 618 2415 summo
631 2322 791 2429 imperio
806 2318 920 2403 inest,
945 2308 1058 2383 multi
1073 2306 1242 2410 ingentes
1254 2302 1421 2377 labores:
1444 2326 1539 2403 iquos
1554 2300 1791 2401 nequicquam

412 2456 582 2539 abnuitis
598 2467 635 2528 et
651 2446 753 2553 pacis
773 2434 1012 2544 opulentiam
1027 2428 1212 2536 quaeritis,
1239 2452 1361 2527 quum
1378 2450 1506 2499 omues
1518 2422 1734 2530 provinciae,
1753 2444 1791 2492 re

412 2610 507 2691 gna,
525 2574 663 2661 maria,
687 2585 873 2665 temque
889 2580 1020 2659 aspera
1042 2568 1111 2626 aut
1137 2549 1229 2625 fessa
1248 2547 1356 2621 bellis
1377 2546 1463 2621 sint.

496 2706 548 2777 18.
576 2689 762 2771 Germani
787 2688 974 2761 intectum
996 2672 1232 2750 rhenonibus
1250 2694 1387 2774 corpus
1410 2683 1551 2774 tegunt.
1575 2712 1627 2728 -..
1656 2690 1709 2763 ¹9·
1735 2667 1790 2738 L'n-

417 2829 465 2906 de
488 2846 585 2931 pons
602 2820 645 2893 iu
665 2811 851 2918 oppidum
866 2802 1060 2907 pertinens
1073 2796 1295 2901 explicatur.
1320 2836 1370 2850 —
1395 2818 1452 2867 no.
1477 2793 1527 2883 Es
1547 2790 1582 2867 ei
1603 2817 1692 2865 voce
1711 2815 1789 2889 mag·

418 2979 471 3033 na
491 2946 733 3027 vehementer
753 2925 1056 3039 gratulabantur.
1084 2962 1131 2976 -—
1158 2943 1215 2991 ιι.
1239 2919 1290 2991 Et
1315 2916 1460 2989 Marius
1490 2914 1612 2989 victus
1640 2913 1789 3017 duplica·

417 3088 523 3153 verat
547 3064 702 3145 bellum.
726 3098 777 3116 -
804 3076 859 3129 sn.
884 3053 1018 3149 Atque
1035 3067 1142 3119 eosa
1172 3057 1274 3145 tergo
1310 3038 1565 3114 incurrerunt
1603 3082 1653 3099 -
1686 3042 1739 3110 25.
1758 3036 1787 3104 ln

418 3283 472 3345 cir.
483 3278 560 3339 Serv.
570 3268 640 3332 Aen.
661 3285 712 3337 ιι,
731 3258 797 3318 ι65.
819 3256 869 3336 qni
882 3250 943 3311 hcc
957 3268 992 3309 ex
1004 3244 1179 3308 Sallsudat.
1201 3252 1270 3303 octo
1285 3242 1345 3301 iam
1364 3230 1449 3301 utute
1462 3211 1564 3323 vulgo.
1578 3239 1621 3300 bis
1633 3239 1746 3319 gemtus,
1761 3232 1787 3292 ι’,

419 3406 480 3445 om.
497 3384 567 3439 Vat.
589 3373 656 3453 quio
676 3361 777 3427 ornnio
795 3358 860 3417 Vat.
882 3364 968 3417 recte.
989 3370 1078 3432 quum
1100 3350 1200 3429 vulgo.
1228 3345 1291 3425 qud
1305 3346 1396 3407 vietus
1414 3346 1479 3409 Vnt.
1501 3344 1553 3424 qui
1575 3348 1674 3427 vulgo,
1695 3349 1786 3417 divique

420 3488 494 3547 Pon.
513 3464 606 3540 vatic,
626 3491 680 3552 que
700 3488 761 3528 om.
775 3463 871 3525 ceteri
893 3477 956 3537 quis
973 3476 1080 3516 comni.
1094 3452 1229 3513 rodmar
1248 3450 1334 3511 Febr.
1350 3450 1425 3511 Brie.
1447 3470 1505 3527 qua
1522 3468 1549 3509 ρ,
1568 3450 1723 3511 Μία,
1733 3455 1786 3508 m.

422 3591 457 3650 [ἰ.
477 3615 518 3635 -
563 3581 608 3639 18.
634 3574 704 3635 lsid.
723 3591 773 3651 ¹91⁹
795 3571 842 3629 ιδ.
869 3565 948 3625 Serv.
967 3558 1072 3641 Georg.
1092 3561 1127 3630 3,
1144 3554 1216 3617 383.
1234 3586 1276 3603 -
1320 3575 1366 3633 ¹9·
1387 3552 1423 3614 C.
1436 3552 1486 3615 rr.
1501 3551 1660 3637 pertinens.
1682 3588 1719 3614 .,-.
1750 3568 1781 3607 ιο.

420 3690 500 3751 lion.
513 3682 552 3744 od
563 3678 655 3741 Andr.
672 3673 755 3748 Μ,
768 3671 816 3733 56·
828 3701 871 3717 -
891 3687 940 3726 ²¹·
960 3667 1039 3725 Serv·
1055 3660 1093 3721 ad
1108 3660 1190 3740 Virg-
1210 3658 1310 3741 Eclog.
1325 3678 1360 3733 ι,
1373 3660 1424 3740 67.
1442 3692 1484 3707 -
1506 3678 1553 3719 ιι.
1574 3656 1675 3723 liudo.
1687 3652 1784 3718 deicht·

424 3802 494 3855 root.
509 3792 602 3849 lexeos
617 3804 647 3861 p.
661 3779 710 3849 tt.
730 3774 783 3835 Ed.
800 3772 982 3851 Gappcrron.
996 3798 1038 3813 -
1060 3768 1106 3826 at.
1121 3763 1167 3823 Pr.
1185 3763 1238 3835 ro,
1252 3763 1304 3836 ad,
1325 3783 1391 3841 ¹99·
1407 3794 1448 3809 ·-
1470 3762 1517 3833 24.
1537 3764 1616 3824 Don.
1631 3764 1669 3823 ad
1684 3752 1780 3822 Eunoni.

422 3898 457 3972 5,
471 3896 507 3969 3,
528 3894 556 3955 8,
577 3892 734 3967 agerentur
751 3881 856 3961 legitur
872 3872 951 3954 apud
961 3869 1143 3932 Westorlror.
1164 3901 1207 3915 -·
1226 3868 1275 3927 25.
1289 3866 1358 3926 lsid.
1374 3888 1411 3947 9,
1425 3866 1454 3927 3.
1474 3868 1618 3927 donum-.
1631 3879 1659 3927 ct
1672 3874 1781 3928 struto

424 4003 598 4064 „domantes
617 3988 701 4050 addit
717 3986 795 4044 Serr-
815 3980 853 4039 ud
870 3978 941 4037 Aen.
957 3996 1010 4048 ιο,
1028 3978 1149 4054 ³7⁰···
1172 3972 1219 4032 ιθ.
1239 3971 1309 4031 Ιιίὼ
1329 3973 1381 4045 ιζ,
1396 3993 1423 4032 ι.
1441 3972 1492 4033 sed
1507 3986 1662 4054 corrupto:
1677 3966 1779 4044 vertiper

426 4120 556 4170 corworo
564 4107 650 4158 torroe
656 4081 834 4170 proecipdoti
842 4124 849 4143 .
857 4078 990 4141 avemo
1001 4096 1055 4158 per
1070 4096 1144 4138 cova
1156 4083 1244 4135 terres
1256 4074 1353 4136 citatis
1370 4075 1452 4138 Seru
1461 4076 1587 4160 adVirg.
1599 4079 1714 4160 Georgo
1718 4071 1779 4148 ,lys

422 4212 474 4275 alii
501 4200 603 4277 citari,
625 4198 676 4259 alii
690 4188 800 4256 ,citatis
819 4219 862 4237 -·
884 4204 931 4266 ²7·
952 4182 1039 4245 Prin·
1067 4182 1120 4255 li,
1143 4181 1180 4255 l,
1199 4180 1279 4255 5⁰¹3
1304 4178 1440 4249 nefando
1457 4183 1570 4263 nliqoot
1586 4182 1681 4243 Codd.
1697 4211 1727 4230 ·-
1745 4170 1774 4233 tl
