3850 4867
408 288 488 389 ,230

416 476 549 541 tavare.
573 510 622 527 -
649 466 679 539 ὅ.
706 464 814 537 Unus
835 456 1007 546 constitit
1034 454 1076 533 in
1096 481 1185 561 agro
1205 456 1376 543 Lucano,
1401 473 1540 557 gnanrs
1561 444 1656 537 loci,
1679 436 1790 519 nomi·

415 613 465 665 ne
479 586 671 692 Publipor.
685 632 734 649 -
761 593 794 679 4..
818 582 920 659 Male
942 579 1018 655 iam
1039 595 1228 654 assuetum
1247 577 1297 652 ad
1315 601 1444 652 omnes
1462 572 1517 650 ris
1537 565 1792 647 controversia·
1870 613 1871 622 2

413 738 511 789 rum.
534 756 585 775 -
601 710 644 787 ¹5.
659 704 934 786 Coniuratione
947 702 1164 779 claudit-
1181 704 1214 776 6.
1240 700 1359 799 Quasi
1377 726 1449 804 par
1473 697 1515 772 in
1541 692 1681 800 oppido
1702 688 1792 765 festi·

412 835 520 913 natio
534 850 571 911 et
593 832 724 939 ingens
743 848 863 906 terror
881 843 984 917 erat,
1014 853 1064 901 ne
1080 852 1125 901 ex
1142 824 1259 904 latere
1277 850 1373 899 nova
1391 822 1632 898 munimenta
1651 814 1792 893 madore

411 958 714 1035 infirmarentur:
731 981 823 1031 nam
841 950 983 1029 moenia
993 948 1125 1053 oppidi
1142 947 1379 1054 stagnabant,
1389 944 1692 1021 redundantibus
1704 942 1791 1016 cloa-

410 1082 464 1159 cis
479 1082 634 1158 adrorso
655 1096 748 1157 aestu
769 1078 952 1153 maris...
978 1070 1139 1175 7.Equis
1154 1087 1192 1146 et
1204 1071 1317 1145 armis
1335 1070 1533 1146 decoribus
1551 1062 1738 1146 cultus‘-
1758 1066 1789 1137 8.

409 1184 617 1282 nedum
643 1204 836 1307 anusque
861 1217 961 1305 terga
980 1195 1030 1271 ab
1051 1194 1224 1271 hostibus
1244 1194 1496 1270 cedebantur.
1519 1237 1568 1252 -
1601 1217 1635 1290 9.
1663 1194 1787 1269 eontra
1871 1221 1872 1226 κ

410 1320 476 1398 ille
495 1321 591 1397 calvi
610 1336 713 1395 ratus
733 1318 871 1424 quaerit
885 1320 989 1411 extis,
1005 1345 1101 1395 num
1122 1318 1270 1394 somnio
1287 1310 1582 1422 'portenderetur
1601 1315 1789 1392 thesaurus
1871 1387 1872 1408 ,

408 1494 461 1509 -
485 1470 538 1520 ιο.
548 1448 657 1519 Parte
677 1460 919 1548 consumpte,
933 1444 1081 1546 reliqua
1097 1441 1322 1517 cadaverum
1343 1442 1392 1517 ad
1405 1440 1697 1517 diuturnitatem
1715 1460 1791 1515 usus

407 1567 593 1677 sallerent

754 1638 920 1766 Epistola
947 1668 1009 1742 Cn.
1038 1670 1207 1765 Pompeii
1223 1665 1276 1743 acl
1293 1686 1463 1743 senatum.

511 1840 563 1889 11.
589 1813 626 1888 Si
649 1811 826 1888 advorsus
845 1838 907 1889 vos
929 1812 1170 1917 patriamque
1187 1830 1226 1889 et
1242 1814 1330 1890 deos
1351 1810 1506 1921 penates
1525 1833 1581 1891 tot
1602 1816 1742 1891 labores
1757 1828 1792 1888 et
1872 1841 1873 1888 l

407 1935 577 2041 pericula
603 1936 858 2041 suscepissem,
892 1937 1067 2039 quotiens
1091 1964 1112 2011 a
1140 1937 1264 2042 prima
1294 1938 1550 2015 adulescentia
1575 1934 1695 2015 ductu
1716 1964 1791 2011 meo

405 2062 662 2139 scelestissumi
682 2060 803 2137 hostes
823 2058 896 2135 fusi
924 2076 961 2134 et
985 2059 1089 2135 robis
1119 2060 1219 2135 salus
1240 2061 1395 2164 quaesita
1414 2078 1493 2137 est:
1520 2060 1621 2137 nihil
1638 2062 1791 2167 amplius

406 2184 449 2261 in
468 2188 661 2263 absentem
680 2210 740 2260 me
757 2182 974 2260 statuissetis
992 2241 1002 2273 ,
1023 2210 1141 2287 quam
1161 2182 1293 2259 adbuc
1315 2184 1441 2289 agitis,
1466 2189 1593 2262 Patres
1613 2188 1791 2290 conscrip-

407 2309 450 2399 ti,
480 2338 596 2415 quem
622 2326 756 2386 contra
781 2324 929 2383 aetatem
946 2300 1159 2412 proiectum
1180 2306 1230 2383 ad
1250 2308 1396 2385 bellum
1413 2308 1687 2403 saevissumum,
1711 2338 1789 2387 cum

404 2430 572 2509 exercitu
591 2450 747 2538 optume
766 2430 917 2519 merito,
943 2447 1135 2535 quantum
1155 2431 1270 2507 estin
1287 2433 1409 2524 vobis,
1434 2432 1551 2524 same,
1575 2421 1786 2512 miserruma

405 2556 579 2631 omnium
595 2572 734 2646 morte,
759 2552 978 2631 confecistis.
1028 2555 1110 2629 Hac
1128 2553 1169 2629 in
1186 2578 1251 2660 spe
1270 2556 1435 2660 populus
1452 2558 1645 2635 Romanus
1663 2560 1789 2635 liberos

402 2704 489 2755 suos
506 2678 555 2751 ad
565 2678 710 2753 bellum
723 2677 845 2753 misitl
862 2674 945 2753 haec
961 2694 1052 2752 suut
1061 2679 1218 2782 praemia
1235 2706 1306 2784 pro
1321 2680 1538 2757 volneribus
1548 2699 1587 2757 et
1599 2684 1734 2760 totiens
1745 2684 1789 2759 ob

406 2802 680 2907 rempublicam
692 2802 775 2879 suso
787 2802 990 2907 sanguinei
1009 2800 1123 2877 sessus
1141 2802 1348 2880 scribundo
1363 2804 1635 2911 mittundoque
1651 2810 1788 2921 legatos,
1873 2833 1874 2892 l

405 2928 526 3003 omnis
549 2953 634 3030 opes
649 2944 690 3003 et
700 2952 779 3031 spes
801 2927 965 3031 privatas
984 2951 1085 3000 meas
1106 2927 1340 3032 consumpsi:
1362 2956 1485 3033 quum
1497 2930 1788 3010 interimavobis

403 3046 472 3155 ¹per
487 3050 697 3126 triennium
714 3051 778 3126 rix
792 3073 945 3125 annuus
961 3065 1135 3152 sumptus
1154 3049 1266 3127 datus
1285 3067 1347 3127 est
1374 3054 1445 3128 Per
1460 3054 1548 3131 deos
1565 3056 1787 3147 immortalis,

402 3192 535 3250 utrum
554 3173 709 3249 censetis
733 3199 794 3248 me
813 3172 933 3248 vicem
946 3172 1070 3248 aerarii
1086 3188 1283 3276 praestare,
1309 3202 1359 3250 an
1379 3178 1586 3254 exercitum
1611 3182 1693 3259 sine
1712 3182 1784 3258 fru-

400 3315 530 3376 mento
550 3314 587 3375 et
602 3294 791 3401 stipendio
811 3294 952 3371 habere
967 3298 1099 3398 posse?
1123 3298 1301 3399 equidem
1321 3298 1443 3376 fateor
1465 3328 1526 3378 me
1553 3302 1604 3378 ad
1623 3304 1697 3382 boc
1717 3308 1786 3383 bel-

400 3407 485 3497 lum
501 3422 643 3497 maiore
663 3419 790 3496 studio
814 3446 932 3524 quam
951 3419 1109 3496 consilio
1124 3421 1338 3524 profectum
1358 3456 1366 3496 ε
1391 3423 1536 3529 quippe
1551 3428 1620 3531 qui
1640 3433 1785 3507 nomine

400 3541 514 3619 modo
539 3528 732 3648 imperiis
756 3544 861 3619 vobis
885 3558 1061 3648 accepto,
1080 3543 1214 3621 diebus
1229 3547 1481 3653 quadraginta
1505 3553 1711 3633 exercitum
1725 3584 1782 3663 pa·

400 3666 480 3743 ravi
505 3664 695 3769 hostisque
724 3666 770 3741 in
796 3666 1003 3743 cervicibus
1030 3668 1110 3744 iam
1143 3668 1264 3746 Italiae
1296 3687 1444 3775 agentes
1480 3674 1529 3750 ab
1553 3676 1716 3783 Alpibus
1746 3682 1779 3755 in

398 3791 624 3895 Hispaniam
651 3790 845 3867 summov'i.
895 3793 966 3865 Per
992 3815 1053 3866 eas
1069 3790 1147 3868 iter
1168 3792 1280 3870 aliud
1304 3810 1419 3899 atque
1442 3797 1779 3895 Hannibal,'nobis

401 3986 1776 4081 equum.-3.Pr.s‚9,stu-side,12,2sr.-5.i‹1.subito-sutona,

402 4096 518 4167 534-
537 4117 567 4176 7.
579 4104 612 4155 et
626 4094 654 4155 8.
676 4093 720 4152 Pr.
738 4092 775 4164 6,
791 4112 826 4172 q,
842 4091 959 4152 250.-
980 4112 1010 4173 9.
1030 4092 1072 4154 id.
1087 4094 1123 4167 8,
1144 4094 1280 4167 14415.
1300 4097 1380 4160 Nou.
1397 4121 1428 4175 ι,
1443 4121 1492 4165 ao.
1513 4108 1623 4188 relique
1633 4106 1778 4173 hohesta.

401 4199 633 4285 tychssparllss.
652 4195 756 4279 qaaerit
765 4194 997 4259 utuutinldn.
1012 4196 1309 4284 querebamlgoe
1327 4204 1582 4291 ro.l²risc.1o.,9,
1600 4196 1716 4287 514..L.
1738 4239 1775 4277 lt.
