3850 4867
1558 302 1621 353 XX!

217 468 323 573 quod
349 466 549 571 saepissime
569 463 742 541 Editores
767 463 991 569 Bipontinos
1008 480 1168 541 ,secutus
1192 479 1266 553 est,
1293 485 1387 564 quos
1413 456 1621 536 Salustium

218 611 257 668 et
278 593 455 667 Taciturn
476 616 653 667 maxume
675 589 884 692 corrupisse
901 589 990 664 satis
1013 604 1168 663 constat
1193 589 1233 686 ²³³)
1473 596 1478 603 '

314 718 533 791 Bmlleenst's
549 716 581 789 I.
606 716 670 811 (Ε
684 716 748 787 111.
769 716 818 813 7.)
836 712 957 789 forma
968 714 1152 819 oblonga,
1168 712 1301 787 litteris
1312 706 1624 815 Langobanlicis,
1706 746 1719 767 ·

216 866 312 943 quas
329 840 482 929 dicunt,
498 854 690 928 exaratus,
710 837 862 940 optimae
881 854 1031 914 notaret
1051 837 1334 939 antiquissimus
1350 834 1495 923 Codex,
1509 858 1624 935 quem

211 964 481 1068 ¹Gundlingius
499 961 790 1066 Carolingorum
810 986 904 1052 aevo,
928 962 1059 1037 lselius
1078 988 1182 1036 nono
1203 960 1260 1035 vel
1276 976 1377 1035 certe
1391 958 1538 1034 decimo
1558 980 1625 1033 stc-

218 1087 512 1191 culoscriptum
532 1114 606 1163 esse
631 1085 824 1172 iudicarit,
863 1087 1072 1189 Inscriptus
1091 1102 1145 1159 est
1172 1087 1230 1159 Cr.
1248 1085 1427 1160 Salustius
1451 1085 1498 1157 tle
1521 1082 1626 1157 lrellt's‘

221 1212 376 1289 Cotllt'ne
392 1230 427 1287 et
447 1213 625 1312 Iugurtlre
645 1208 691 1283 G.
723 1211 965 1287 LXXXXVI.
989 1209 1140 1284 addidit
1166 1210 1207 1283 in
1235 1208 1358 1311 prima
1384 1207 1524 1311 pagina
1547 1231 1626 1294 ma·

219 1360 292 1409 nus
316 1337 523 1410 recentior:
548 1334 657 1409 Liber
678 1333 966 1435 Cortlogost'nus
985 1340 1023 1407 ln
1043 1336 1204 1421 Basilia,
1221 1338 1431 1432 perveniens
1454 1360 1486 1405 u
1505 1332 1539 1404 d.
1562 1332 1626 1405 Io·
1732 1332 1737 1341 ’

217 1463 342 1535 lrcotne
359 1461 406 1535 de
432 1458 594 1559 Ltmitlc,
616 1456 803 1559 corfiooe
831 1476 976 1541 nostro,
1003 1463 1189 1530 continens
1212 1458 1408 1531 Salustium
1438 1456 1486 1530 cle
1524 1456 1657 1530 hetta

223 1584 378 1661 Cotllr’ne
393 1602 426 1659 et
442 1585 628 1683 Ittgurtlzo.
653 1586 700 1657 ln
719 1581 836 1656 altera
854 1581 999 1685 pagina
1014 1579 1098 1655 folii
1115 1580 1229 1683 primi
1245 1607 1367 1684 pauca
1384 1580 1432 1655 de
1449 1605 1628 1681 compen·

222 1706 295 1781 diis
315 1708 526 1810 scripturae,
541 1732 587 1779 ex
602 1704 744 1779 Isidoro
760 1706 956 1809 exscripta,
977 1705 1166 1810 leguntur.
1191 1709 1329 1778 Insunt
1351 1705 1474 1779 multa
1494 1704 1629 1779 veteris

224 1829 508 1936 orthographiae
525 1828 695 1933 vestigia,
718 1828 783 1935 sed
810 1829 946 1934 saepius
967 1856 989 1902 a
1018 1830 1237 1905 correctoris
1258 1828 1410 1930 antiqui
1426 1854 1546 1902 manu
1569 1834 1628 1902 r'e-

220 1954 379 2031 stituta:
404 1983 437 2028 v.
464 1980 493 2028 c.
517 1954 709 2055 intellego,
734 1954 910 2054 neglego,
937 1950 1186 2053 neglegentia,
1211 1959 1368 2053 agentes,
1394 1957 1633 2040 occursantia,

222 2084 324 2153 tzaris
349 2077 446 2175 (acc.
464 2076 580 2179 plur.)
606 2078 684 2161 (lis,
710 2083 806 2180 quit,
839 2074 1027 2178 (quihus)
1056 2076 1189 2159 isdem,
1223 2078 1375 2177 volgus,
1404 2078 1504 2160 volt,
1524 2102 1629 2152 aron

218 2220 313 2291 tere,
336 2202 490 2285 divorsi,
515 2202 753 2283 iocondt'ora,
778 2201 1071 2289 cotidlc‚cocus,
1099 2203 1229 2285 ruehl,
1254 2219 1404 2284 cstnmo,
1428 2204 1628 2287 exummo,

222 2326 427 2433 lacrumas,
453 2322 598 2411 lubido,
619 2352 827 2425 proxuma,
849 2324 1047 2424 faciundi,
1080 2323 1233 2409 beccus,
1259 2324 1490 2408 adulescens,
1525 2342 1631 2423 optu-

223 2478 324 2535 mae,
338 2477 547 2534 macunen,
562 2450 758 2549 finloona,
777 2467 963 2548 temptare,
982 2474 1190 2543 accersere,
1203 2448 1329 2549 plelrcs
1344 2464 1383 2521 et
1391 2449 1513 2546 pleps,
1528 2452 1630 2552 quic·

222 2574 343 2679 quid:
353 2574 513 2673 proesidi
536 2572 641 2675 (gen.
661 2572 769 2677 sing.)
794 2571 929 2646 Rarius
952 2597 1057 2647 voces
1078 2572 1131 2645 ita
1151 2572 1320 2676 scriptae,
1336 2587 1381 2645 ut
1401 2569 1630 2673 etymologia
1686 2589 1690 2599 ·

133 2730 137 2737 ·
224 2700 490 2803 exprimatur:
525 2698 702 2787 adtende,
740 2696 908 2780 adsedit,
941 2693 1135 2778 inbecillo,
1171 2696 1374 2797 adrogant,
1415 2696 1575 2769 inlectus.
1608 2692 1634 2765 Ιι

230 2822 358 2897 littera
388 2820 502 2896 modo
532 2820 704 2909 anhlote,
722 2820 835 2893 modo
857 2818 986 2894 addita
999 2854 1010 2915 3
1042 2822 1287 2906 colrerct'tttm,
1320 2824 1482 2905 larena,
1519 2823 1632 2894 laone·

176 3002 179 3009 ·
223 2954 278 3031 ri,
305 2952 485 3029 isolones,
509 2963 671 3034 ortatur3
697 2943 877 3046 leguntur
898 2971 1053 3046 quoque
1076 2944 1258 3043 doatpno,
1287 2964 1516 3042 contempno,
1543 2969 1632 3018 con·

221 3064 460 3169 'derrnnatoc
487 3084 565 3143 eet
592 3095 637 3141 oe
657 3067 857 3170 saepissime
874 3082 1041 3160 mutata;
1065 3095 1119 3150 m,
1153 3094 1217 3145 us.
1240 3096 1285 3141 ur
1315 3069 1357 3142 in
1387 3067 1464 3141 fine
1494 3093 1631 3141 vocum

226 3222 297 3300 per
323 3192 548 3296 compendia
569 3191 727 3295 scripta;
751 3190 799 3263 ab
817 3190 927 3264 initio
949 3188 1032 3263 lroec
1050 3216 1204 3293 quoque
1224 3207 1447 3265 occurrunt:
1470 3196 1536 3264 noi
1547 3190 1634 3287 (no-

228 3320 314 3417 stri)
328 3319 395 3419 glo
409 3316 576 3419 (gloria)
604 3332 641 3389 et
663 3314 702 3388 id
724 3340 841 3418 genus
861 3314 946 3388 alia.
980 3313 1120 3386 Glosste
1133 3314 1391 3389 interlineares
1412 3313 1516 3389 etad
1533 3341 1635 3411 mar·-

222 3443 356 3547 ¹ginem
369 3438 566 3542 adscriptae
588 3439 779 3511 rhetorem
801 3436 969 3538 aliquem
990 3436 1179 3510 inferioris
1196 3437 1265 3511 aeri
1285 3439 1462 3541 sapiunt,
1475 3419 1635 3541 Aliquo-

227 3566 296 3639 ties
313 3564 428 3638 etiam
448 3561 575 3665 glossoe
593 3559 709 3663 ipsius
734 3560 898 3634 auctoris
918 3558 1042 3634 uerbis
1055 3558 1305 3663 interpositae,
1327 3588 1452 3665 neque
1470 3564 1635 3666 optimos

223 3687 379 3763 Salustii
393 3684 547 3761 Codices
562 3682 687 3785 glossis
704 3708 839 3757 vacuos
860 3708 935 3757 esse
961 3682 1184 3786 putaverim.
1220 3685 1299 3758 Sub
1322 3683 1438 3760 finem
1455 3686 1547 3762 belli
1570 3689 1634 3761 lu·

287 3866 315 3969 l)
338 3890 461 3949 Codices
472 3884 658 3947 Bibliotbece
677 3886 774 3968 Regiae
792 3883 941 3957 Partem,
976 3886 1225 3965 qnos-Bumodus
1245 3890 1409 3965 consuluit,
1430 3892 1469 3951 ita
1489 3862 1635 3951 descriltit.

224 3998 307 4075 „a.)
329 3996 465 4075 o.5758.
505 3991 556 4070 b.)
588 3990 677 4073 5742.
698 3990 737 4051 X.
757 3992 861 4049 secolo
881 3992 987 4049 exarati
1004 3992 1241 4053 esscvitlentnr..
1271 3993 1425 4070 0.)6085.
1464 3996 1518 4073 d.)
1541 3996 1634 4058 6086.

225 4100 390 4173 accolilll.
410 4098 488 4159 libri.
508 4096 552 4175 e.)
574 4094 664 4161 6088.
683 4096 721 4155 ad
742 4094 829 4153 Xlll..
843 4114 906 4152 saec.
924 4098 1015 4176 vulgo
1035 4097 1173 4155 relernut.
1195 4096 1290 4157 Ceteri
1310 4099 1441 4159 ciusdem
1466 4097 1633 4161 Bibliothe-

224 4228 267 4269 ωε
287 4204 410 4268 Codices
428 4205 618 4275 recentiores,
638 4211 725 4281 atque
745 4198 824 4259 atlco-
842 4196 940 4277 (sict)
963 4200 1078 4261 terioris
1097 4202 1276 4263 auctoritatis
1292 4208 1397 4263 sunt.”
