3850 4867
396 339 465 390 120

393 493 538 571 indicio
565 495 681 600 regis,
695 496 828 574 Scauri
846 512 884 572 et
909 495 1145 596 reliquorum
1159 551 1171 582 ,
1195 519 1289 596 quos
1309 492 1617 598 pecuniae-captae
1635 519 1788 572 accerse·

392 619 502 709 bant,
527 618 667 696 delleta
689 618 920 725 patelierent
970 621 1077 694 Dum
1099 616 1181 693 baec
1199 621 1325 694 Romae
1344 633 1548 722 geruntur,
1573 618 1642 721 qui
1661 617 1703 694 in
1715 619 1787 694 Nu·

392 742 511 819 midia
526 743 649 818 relicti
669 743 823 818 aBmtia
841 741 1022 818 exercitui
1039 757 1243 844 praeerant,
1261 741 1379 817 secuti
1394 767 1539 818 morem
1557 741 1787 846 imperatoris

391 866 452 942 aui
473 866 641 971 plurima
660 883 700 941 et
715 866 1013 970 flagitiosissuma
1028 865 1199 941 facinora
1220 864 1348 940 fecere.
1371 866 1502 956 Fuere,
1519 865 1587 968 qui
1604 893 1699 944 auru
1713 894 1791 942 cor-

393 991 501 1094 rupti
516 988 739 1093 elephantos
765 987 960 1094 lugurthae
977 989 1191 1082 traderent3
1215 989 1281 1063 alii
1303 987 1478 1094 perfugas
1502 989 1681 1080 vendere,
1706 1015 1789 1095 pars

392 1139 440 1191 ex
456 1113 600 1221 pacatis
618 1112 763 1218 praedas
779 1113 961 1218 agebant,
988 1129 1094 1186 tanta
1117 1113 1171 1188 vis
1203 1112 1371 1188 avaritiae
1393 1113 1434 1188 in
1454 1113 1600 1190 animos
1642 1141 1791 1203 eorum,

392 1237 510 1316 veluti
534 1238 658 1327 taber,
688 1236 881 1313 invaserat.
912 1239 981 1312 'At
1010 1235 1172 1327 Cassius,
1202 1236 1390 1340 (praetor)
1419 1237 1563 1341 perlata
1598 1239 1790 1344 rogatione

393 1390 416 1438 a
436 1365 474 1438 C.
497 1361 695 1450 Memmio,
715 1387 760 1438 ac
786 1361 958 1464 perculsa
976 1360 1081 1436 omni
1107 1360 1329 1451 nobilitate,
1355 1360 1405 1436 ad
1430 1361 1656 1468 Iugurtham
1677 1360 1790 1468 profi-

392 1484 573 1573 ciscitur,
599 1483 711 1586 eique
737 1484 870 1560 timido
888 1502 927 1559 et
948 1512 995 1560 ex
1021 1484 1250 1560 couscientia
1276 1483 1462 1560 diffidenti
1486 1486 1596 1566 rebus
1613 1487 1689 1562 suis
1709 1512 1791 1590 per-

382 1607 547 1698 euadat,
566 1632 643 1710 quo
660 1633 699 1683 se
720 1608 864 1710 populo
881 1609 1053 1684 Romano
1070 1607 1249 1697 dedisset,
1274 1634 1323 1682 ne
1342 1608 1421 1682 vim
1445 1635 1563 1711 quam
1584 1610 1793 1684 misericor-

394 1731 500 1806 diam
516 1731 597 1807 eius
617 1732 780 1834 experiri
801 1730 940 1805 mallet
992 1730 1171 1804 Privatim
1192 1745 1371 1834 praeterea
1399 1729 1524 1818 fidem,
1540 1759 1649 1808 auam
1676 1734 1793 1809 inter·

395 1855 523 1960 ponit,
549 1881 666 1957 quam
695 1854 761 1929 ille
785 1879 866 1928 non
888 1854 1046 1938 minoris
1073 1880 1189 1957 quam
1217 1853 1412 1958 publicam
1433 1855 1616 1950 ducebat;
1641 1857 1727 1934 talis
1749 1883 1790 1934 ea

397 1993 616 2083 tempestate
633 1977 734 2052 sama
755 1976 802 2052 de
827 1977 950 2052 Cassio
968 1994 1056 2052 erat.
1560 1975 1567 1988 “

347 2123 384 2184 33
493 2102 615 2205 Igitur
630 2099 835 2205 Iugurtha,
861 2118 994 2177 contra
1021 2101 1134 2178 decus
1154 2105 1316 2208 regium,
1341 2103 1449 2179 cultu
1475 2131 1593 2208 quam
1615 2132 1790 2185 maxume

395 2224 617 2310 miserabili,
641 2250 730 2298 cum
753 2225 876 2300 Cassio
905 2227 1066 2300 Romam
1085 2226 1197 2312 venit.
1248 2231 1302 2302 Ac
1320 2245 1447 2310 tamen
1468 2230 1534 2304 etsi
1553 2229 1595 2305 in
1615 2231 1694 2336 ipso
1713 2259 1793 2306 ma-

393 2376 471 2453 gna
502 2348 556 2422 ris
593 2345 712 2420 animi
740 2364 839 2439 erat,
864 2347 1111 2424 confirmatus
1138 2350 1186 2422 ab
1214 2347 1790 2458 omnibus‚i1uorumpotentia

395 2488 464 2546 aut
491 2469 627 2546 scelere
654 2485 793 2544 cuneta
818 2496 862 2546 ea
894 2489 1067 2576 gesserat,
1090 2497 1175 2576 quae
1196 2499 1311 2578 supra
1340 2476 1525 2568 diximus,
1554 2481 1607 2558 C.¹
1622 2479 1791 2558 Baebium

394 2653 482 2732 gitur.
504 2648 630 2709 dicendo
651 2647 749 2708 Guell.
762 2649 789 2708 3.
805 2671 833 2730 9.
863 2650 958 2712 Senat.
980 2654 1091 2715 Fabric.
1106 2677 1132 2717 a.
1161 2654 1264 2718 Franc.
1293 2656 1392 2718 lleuss.
1418 2657 1498 2722 Laid.
1514 2657 1631 2723 blm.
1654 2659 1741 2720 Paris.
1762 2661 1789 2720 b.

394 2753 479 2814 Bern.
496 2775 521 2811 ι.
548 2753 654 2833 populo
666 2753 802 2814 Romano
830 2756 869 2813 ita
885 2754 1012 2817 Gmt.et
1032 2779 1133 2819 omnes
1149 2759 1228 2820 leid.
1254 2762 1333 2840 (exc.
1350 2763 1390 2842 f.)
1419 2763 1603 2824 decertabant
1631 2767 1718 2824 etiam
1734 2765 1790 2826 hoc

394 2861 461 2918 loeo
476 2858 597 2937 plurimi
615 2857 691 2922 libri.
712 2867 806 2938 eapte
820 2879 879 2918 om.
894 2859 973 2922 Vrat.
989 2884 1019 2924 2.
1038 2873 1162 2944 acceptae
1187 2863 1255 2948 Tag.
1283 2867 1368 2927 Febr.
1396 2868 1464 2932 Tur.
1494 2887 1614 2947 eumque
1628 2889 1690 2929 om.
1708 2870 1788 2934 Leid.

393 2962 427 3025 lr.
448 2963 516 3023 Ecc.
536 2961 631 3021 Guell.
646 2984 691 3022 ιι.
713 2972 741 3023 et·
756 2983 822 3022 eum
841 2964 942 3038 Basa.
965 2967 1061 3029 Guell.
1075 2971 1103 3041 4.
1124 2971 1309 3032 interlineas.
1329 2973 1458 3033 exercitu
1467 2993 1539 3053 pra.
1559 2975 1600 3033 ita
1618 2973 1669 3034 Ae.
1692 2995 1789 3056 m.pr·

395 3065 466 3149 imp.
485 3066 531 3130 mi
549 3088 636 3149 pron.
655 3069 687 3126 in
702 3070 801 3127 multis
815 3072 915 3130 locum
928 3083 1034 3133 mutat.
1046 3095 1106 3140 om.
1124 3075 1208 3141 Bem.
1229 3098 1253 3136 r.
1263 3081 1290 3139 3.
1310 3079 1469 3138 venderent
1482 3080 1604 3158 plurimi
1617 3078 1696 3138 libri.
1715 3100 1789 3140 ven-

375 3175 465 3234 'dere
483 3194 560 3234 unus
573 3173 686 3232 Wassii.
704 3173 747 3253 pl.
764 3182 792 3232 et
811 3174 996 3254 flagitsae.
1013 3189 1039 3239 et
1057 3201 1117 3240 om.
1136 3180 1233 3242 Guall.
1247 3204 1293 3242 ro.
1307 3203 1352 3242 ta.
1364 3183 1432 3260 sac.
1452 3183 1529 3243 delet
1545 3185 1647 3244 ineert-
1661 3204 1689 3246 a.
1717 3205 1788 3265 ugo-

395 3288 462 3340 rent
475 3278 555 3337 leid.
568 3280 588 3335 Ι.
610 3297 698 3354 agere
714 3279 911 3344 unusWassii.
931 3281 1016 3341 Bern.
1029 3304 1054 3348 1.
1076 3283 1109 3342 in
1122 3285 1236 3346 animos
1250 3287 1330 3346 itaet
1344 3285 1425 3353 Cort.
1446 3289 1587 3349 meliores.
1607 3289 1656 3350 sed
1666 3311 1786 3372 praepos.

394 3403 455 3448 om.
484 3381 718 3462 Leid.e.g.k.l.
746 3381 848 3442 Basr.
876 3384 1115 3449 Bern.3.Turic.
1140 3410 1217 3451 erata
1244 3393 1276 3452 in
1295 3393 1445 3456 Febrimr.
1473 3394 1611 3467 Guelld.
1638 3395 1739 3456 Vinar.
1762 3419 1786 3458 1.

397 3483 513 3550 Cassius
525 3493 645 3564 proetor.
669 3495 781 3565 prator
800 3505 860 3546 om.
881 3488 943 3554 Bas.
957 3511 982 3549 1.
1014 3491 1111 3554 Guelf.
1123 3515 1152 3574 9.
1172 3493 1256 3556 Bam.
1272 3518 1296 3562 1.
1322 3519 1378 3578 pro
1396 3518 1429 3560 eo
1443 3499 1530 3560 multi
1543 3499 1617 3562 P.R.
1638 3513 1688 3562 aut
1699 3501 1737 3562 R.
1752 3501 1785 3560 P.

394 3601 444 3650 aut
456 3588 558 3669 populi
567 3589 697 3648 Romani
708 3588 826 3650 babent
843 3595 883 3652 sic
898 3593 966 3655 Εοο.
986 3597 1046 3656 ine.
1058 3617 1086 3658 a.
1105 3597 1189 3664 Rem.
1204 3621 1230 3658 r.
1251 3605 1352 3664 Frauc.
1372 3603 1468 3664 Guels.
1484 3624 1513 3666 a.
1530 3605 1561 3667 3.
1586 3606 1667 3668 leid.
1678 3607 1748 3668 a.'b.
1760 3629 1785 3688 a·

394 3692 426 3752 h.
436 3713 476 3752 m.
487 3712 517 3750 u.
528 3715 554 3752 c.
565 3691 595 3757 d.
617 3693 675 3751 Erl.
698 3693 781 3753 Paris.
792 3717 819 3755 a.
829 3695 858 3755 b.
866 3719 892 3758 c.
903 3697 933 3756 d.
953 3698 1016 3760 Bas.
1027 3699 1055 3772 4.
1074 3713 1185 3782 praetor
1198 3703 1300 3784 populi
1313 3705 1444 3768 Romani
1462 3708 1559 3771 Guell.
1576 3733 1620 3773 ιο.
1647 3713 1744 3775 Senat.
1759 3736 1782 3778 ι.

318 3805 328 3812 “
392 3797 489 3862 Strur.
509 3796 613 3858 Vina.
635 3797 715 3856 Leid.
728 3799 749 3856 s.
762 3800 783 3858 i.
798 3799 827 3858 lr.
847 3800 991 3863 eitimr'do
1011 3803 1078 3866 Eue.
1106 3805 1190 3867 Bern.
1202 3807 1230 3868 3.
1249 3820 1277 3868 et
1289 3831 1326 3870 ea
1339 3831 1435 3874 conse.
1450 3817 1628 3888 etlomAEcc.
1648 3818 1744 3882 Guett.
1753 3842 1781 3902 9.

398 3924 445 3962 ιο.
458 3921 503 3961 12.
530 3921 567 3962 es
584 3902 682 3961 delent
694 3902 760 3963 Ecc.
786 3904 904 3965 Vrata.
930 3907 991 3968 Erl.
1019 3909 1102 3971 Bem-
1116 3911 1145 3972 3.
1172 3913 1295 3974 dedisset
1315 3936 1416 3978 omnes
1430 3918 1510 3980 Laid.
1525 3931 1554 3981 et
1573 3923 1684 3986 Wassii.
1713 3925 1780 4008 Τις.

393 4006 455 4070 Bas.
470 4027 495 4070 1.
505 4005 534 4076 l.
559 4026 615 4066 neu
626 4006 688 4066 vim
716 4007 778 4071 Bm.
790 4008 819 4078 l.
837 4008 922 4069 Bam.
941 4032 966 4078 t.
992 4015 1077 4075 malit
1095 4017 1137 4077 ita
1149 4016 1264 4080 Gruter.
1279 4023 1414 4084 confirm.
1430 4023 1512 4086 leid.
1523 4047 1550 4087 a.
1561 4025 1591 4086 b.
1604 4049 1630 4091 c.
1644 4029 1674 4089 d.
1686 4051 1711 4092 e.
1725 4032 1779 4114 lg.

394 4132 427 4176 n.
455 4130 512 4188 quo
532 4129 560 4169 se
570 4111 677 4190 populo
696 4113 818 4192 plurimi
843 4113 920 4175 libri.
943 4117 1007 4178 mis.
1028 4119 1088 4182 eius
1110 4141 1198 4202 pron.
1218 4143 1278 4184 om.
1292 4126 1359 4192 Eae.
1381 4127 1463 4194 Fabr.
1486 4129 1780 4198 2.Guels·11.l'ur.

392 4234 501 4283 mare.
520 4214 662 4298 adpimie
676 4215 944 4303 putatoprmrrea
957 4221 1027 4294 Tur.
1046 4218 1218 4306 Castiosrdt
1236 4227 1286 4296 Aa.
