3850 4867
1481 323 1531 419 89

133 533 260 601 mum,
283 509 315 586 si
343 496 436 585 h'oni
457 507 582 602 eritis3
603 505 663 582 sin
685 505 801 595 mali,
821 499 1065 580 imbecillum
1104 504 1201 579 Nam
1225 499 1425 579 concordia
1443 528 1530 606 par·

132 659 185 708 voe
208 659 265 710 ret
288 648 483 725 crescunt,
517 628 704 708 discordia
736 653 923 705 maxumae
946 627 1182 704 dilabuntur.
1234 632 1409 705 Ceterum
1440 643 1529 704 ante

132 756 198 834 hos
222 774 281 850 te,
302 757 507 862 Iugurtha,
525 757 593 861 qui
609 772 718 832 aetate
741 771 779 832 et
802 751 987 858 sapientia
1011 753 1197 857 priores,
1233 781 1282 830 ne
1305 754 1416 828 aliter
1435 751 1531 857 quid

131 881 296 974 eveniat,
326 883 523 988 providere
546 881 659 957 decet
709 882 808 954 Nam
831 878 873 952 iu
896 879 1001 953 omni
1020 879 1254 969 certamine,¹
1276 878 1345 981 qni
1371 877 1533 982 opulen-

134 1007 293 1098 tiorest,
318 1007 482 1096 etiamsi
506 1006 647 1110 accipit
675 1005 878 1096 iniuriam,
905 1021 1034 1079 tamen
1051 1004 1142 1107 quia
1165 1005 1252 1108 plus
1269 1019 1409 1109 potest,
1434 1001 1533 1077 faee-

131 1157 170 1207 re
191 1131 352 1209 videtur.
401 1133 478 1208 Vos
497 1149 647 1221 autem,
670 1129 867 1206 Adherbal
887 1145 925 1206 et
946 1129 1162 1234 Hiempsal,
1185 1128 1316 1219 colite,
1342 1127 1532 1202 observate

132 1255 247 1333 talem
267 1254 375 1331 hunc
390 1256 533 1345 virum,
556 1255 761 1331 imitamini
788 1255 985 1345 virtutem,
1009 1270 1048 1330 et
1069 1253 1279 1345 enitimini,
1303 1280 1353 1328 ne
1371 1253 1438 1358 ege
1455 1275 1532 1327 me·

132 1379 242 1457 liores
260 1380 398 1457 liberos
424 1383 621 1485 sumpsisse
639 1380 788 1474 videar,
814 1407 932 1484 quam
955 1379 1160 1485 genuisse.”

245 1507 324 1588 .Ad
345 1533 388 1582 ea
404 1504 611 1611 Iugurtha,
643 1504 788 1581 tametsi
809 1531 933 1608 regem
949 1502 1046 1577 -ficta
1067 1503 1240 1579 locutum
1264 1499 1526 1605 intellegebat,
1543 1532 1576 1574 ιι
1640 1518 1648 1532 “

133 1631 269 1735 etipse
288 1632 399 1735 longe
422 1631 533 1706 aliter
554 1630 684 1706 animo
711 1627 898 1734 agitabat:
924 1645 1052 1703 tamen
1077 1655 1148 1732 pro
1172 1643 1341 1730 tempore
1367 1626 1533 1732 henigne

135 1754 337 1857 respondit
390 1754 547 1858 Micipsa
580 1752 710 1857 paucis
737 1769 823 1855 post
848 1751 981 1834 diebus
1009 1751 1180 1826 moritur.
1230 1754 1437 1854 Postquam
1474 1749 1533 1824 illi

135 1903 238 1953 more
260 1879 362 1982 regio
379 1878 476 1954 iusta
493 1876 693 1982 magnifice
705 1875 887 1967 fecerant,
910 1875 1032 1980 reguli
1052 1875 1094 1950 in
1113 1901 1239 1951 unum
1251 1890 1532 1966 convenerunt,

136 2016 178 2075 ut
195 2001 300 2077 inter
322 2027 361 2076 se
389 2000 436 2077 de
461 2002 607 2077 cunctis
633 2001 791 2104 negotiis
815 1999 1075 2104 disceptarent
1125 2000 1198 2075 Sed
1222 1997 1437 2103 Hiempsal,
1461 1998 1532 2103 qui
1589 2004 1593 2008 ’

136 2125 332 2203 minumus
351 2151 398 2201 ex
425 2125 500 2201 illis
531 2141 627 2217 erat,
650 2141 789 2200 natura
820 2123 926 2200 ferox
956 2140 994 2199 et
1023 2124 1099 2198 iam
1128 2140 1217 2199 ante
1258 2124 1535 2227 ignobilitatem

138 2247 332 2355 Iugurthae
358 2249 477 2353 (quia
507 2267 680 2325 materno
698 2274 833 2353 genere
860 2247 986 2351 impar
1007 2248 1113 2347 erat)
1142 2246 1371 2351 despiciens,
1402 2247 1534 2324 dextra

139 2373 393 2450 Adherbalem
422 2373 566 2450 adsedit
573 2407 583 2469 3
608 2400 657 2450 ne
677 2371 824 2448 medius
845 2397 892 2447 ex
919 2371 1061 2461 hibin,
1096 2371 1201 2474 quod
1226 2373 1331 2476 apud
1352 2373 1536 2450 Numidas

141 2594 166 2633 ι.
197 2573 252 2634 tibi
270 2594 332 2633 om.
362 2573 445 2634 hem.
463 2593 489 2632 a.
519 2570 572 2631 atti
587 2571 710 2652 adiung.
741 2570 830 2632 Acad.
856 2571 959 2631 ineert.
983 2591 1009 2630 ι.
1036 2569 1214 2652 eerdungere
1239 2572 1337 2633 Gnell.
1357 2595 1382 2639 ι.
1407 2573 1492 2636 Rern.
1508 2595 1537 2637 ι.

139 2677 284 2740 Commel.
304 2678 385 2742 Leid.
403 2680 423 2737 i.
444 2678 506 2736 Bas.
522 2677 551 2747 4.
572 2676 691 2756 iungere
717 2676 831 2738 Vratial.
844 2697 874 2736 a.
885 2677 952 2752 fide
970 2686 1119 2756 paramur
1138 2675 1421 2760 beidfigfhhn.
1440 2684 1540 2762 plnres

138 2781 250 2842 tt'aeti.
272 2781 333 2848 bas.
346 2783 374 2854 4.
395 2781 520 2842 bened.
541 2779 604 2860 quis
621 2781 879 2864 autemamt'citior
898 2781 1011 2840 Fabric.
1027 2803 1052 2840 1.
1073 2781 1212 2842 vinam.
1233 2781 1323 2842 head.
1343 2784 1439 2849 Struv.
1458 2785 1541 2845 Leid.

139 2908 164 2944 ι.
183 2886 213 2945 h.
226 2891 248 2946 l.
266 2909 306 2946 m.
327 2887 395 2946 Tur.
416 2887 501 2946 llern.
517 2891 544 2952 3.
566 2886 665 2945 Heres.
687 2869 790 2947 Praise.
809 2888 906 2946 Senat.
939 2883 1036 2946 Guelf.
1049 2907 1074 2944 ι.
1088 2885 1117 2945 3.
1130 2907 1159 2967 9.
1174 2883 1225 2946 ιο.
1248 2887 1328 2949 Vrat.
1341 2907 1369 2954 a.
1384 2889 1413 2949 3.
1434 2886 1544 2950 amici·

140 2991 202 3052 rior
220 2991 304 3052 leid.
314 3013 341 3052 c.
352 2990 382 3056 d.
398 2992 417 3050 t.
433 2995 461 3074 g.
477 2993 497 3050 i.
519 2990 652 3068 equitem
665 2990 745 3052 vobis
765 2990 853 3050 head.
872 2987 973 3051 Struv.
989 2988 1073 3050 Bern.
1090 3012 1115 3050 1.
1136 2991 1329 3069 bonifioeritb
1347 2993 1432 3052 I'ahr.
1443 3015 1468 3053 1.
1489 2994 1540 3056 Ac.

141 3095 236 3157 Guell'.
251 3117 296 3156 ιι.
317 3097 386 3178 Teg.
406 3097 476 3156 Tur.
500 3095 548 3156 sin
565 3095 639 3155 mali
667 3094 728 3155 Bas.
747 3116 772 3154 1.
794 3115 835 3154 m.
849 3115 896 3176 pr.
916 3095 984 3155 Sen.
1004 3094 1116 3154 Fabric.
1130 3116 1161 3154 s.
1182 3097 1242 3156 Ine.
1268 3096 1356 3157 Acad-
1382 3097 1463 3158 beid.
1472 3098 1542 3164 b.c.

142 3202 171 3260 d.
184 3204 203 3266 l'.
216 3223 246 3285 g.
259 3206 280 3261 l.
301 3201 392 3260 Mart.
409 3214 439 3266 r.
454 3203 490 3264 a.
507 3199 539 3258 B.
552 3199 622 3260 Pub.
643 3201 814 3264 recentiores
831 3201 919 3259 Palat.
945 3200 1013 3260 vin.
1028 3219 1056 3258 a.
1077 3199 1178 3258 Heus.
1198 3201 1278 3260 Vrat.
1295 3222 1320 3260 ι.
1346 3195 1374 3261 ai
1385 3204 1481 3268 ceteri.
1502 3205 1543 3263 ita

143 3307 299 3386 etSarerus
315 3305 396 3388 apud
410 3305 595 3386 Spartianurn
616 3326 641 3364 c.
654 3304 701 3363 23.
723 3304 875 3382 quietate
894 3303 1034 3364 Vineae.
1054 3304 1113 3363 inc.
1131 3325 1157 3362 ι.
1177 3304 1278 3364 Heras.
1298 3305 1396 3368 Guelf.
1418 3330 1448 3375 ι.
1467 3308 1495 3369 3.
1512 3309 1542 3381 d.

144 3410 221 3470 l'rat.
236 3431 263 3468 r.
275 3405 304 3470 3.
324 3426 426 3468 omnes
441 3409 497 3468 lere
511 3409 593 3468 Leid.
613 3408 663 3468 sed
676 3407 745 3487 quia
761 3410 893 3488 plerique
909 3407 988 3467 libri.
1010 3427 1046 3467 ne
1056 3408 1266 3471 alitam
1286 3411 1383 3473 Guelf.
1396 3416 1425 3476 5.
1445 3425 1546 3479 tamen

146 3515 212 3586 atria
224 3515 301 3594 ples.
322 3523 423 3574 temen
437 3533 497 3573 οιιι.
513 3512 610 3572 Guels.
621 3533 647 3572 ι.
661 3513 757 3572 Seuat.
778 3533 804 3571 1.
824 3512 881 3593 ipse
893 3512 962 3590 quia
979 3512 1084 3573 Franc.
1111 3515 1192 3575 leid.
1207 3538 1248 3575 m.
1268 3517 1391 3578 coliteet
1402 3521 1548 3585 observate

146 3617 272 3679 Faba-1.
291 3617 376 3678 Ιὶειιι.
397 3622 456 3677 iac.
476 3617 545 3677 vin.
558 3636 584 3675 a.
605 3617 700 3680 Struv.
722 3617 821 3678 Heuss.
842 3616 922 3678 Vrat.
936 3638 963 3677 a.
977 3616 1006 3677 3.
1026 3616 1117 3684 dead.
1138 3619 1197 3685 Erl.
1219 3621 1280 3692 llas.
1295 3624 1323 3693 4.
1343 3623 1439 3685 Tunc.
1460 3627 1546 3688 Bern.

149 3744 172 3788 ι.
190 3723 218 3794 Α.
240 3732 267 3784 et
279 3719 432 3784 enitunc‘ni
449 3721 534 3782 Fabr.
549 3743 577 3786 a.
589 3731 617 3780 et
630 3743 654 3782 ι.
676 3744 717 3781 m.
729 3743 775 3804 pr.
797 3721 849 3786 Ae.
869 3722 936 3782 Sen.
957 3723 1058 3783 Hense.
1078 3723 1158 3785 Vrat.
1174 3725 1203 3786 d.
1224 3725 1545 3810 Bar.1.m.pr.Guetf.

151 3849 174 3886 ι.
190 3827 218 3888 5.
234 3828 264 3898 d.
275 3827 304 3888 6.
324 3827 403 3892 Leid.
415 3827 435 3885 s.
449 3849 478 3910 g.
498 3825 568 3886 Tur.
589 3826 675 3885 bern.
687 3825 717 3886 3.

208 3953 281 4038 Cup.
295 3977 340 4017 ιι.
361 3955 543 4016 intelleaisret
555 3953 652 4014 Guell'.
664 3954 692 4014 5.
714 3953 799 4014 Febr.
813 3974 842 4013 a.
863 3951 1046 4031 intellegebat
1065 3953 1132 4020 Sen.
1147 3977 1173 4016 ι.
1186 3957 1253 4020 Ecc.
1266 3955 1336 4023 Tur.
1353 3964 1455 4025 alume
1464 3968 1550 4046 cogi-

148 4071 232 4123 tasset
263 4060 358 4122 Gnell.
371 4063 398 4121 5.
426 4061 511 4121 Fabr.
529 4081 554 4124 ι.
572 4057 673 4140 purch
690 4057 765 4118 dieb.
787 4056 884 4117 Guett.
897 4059 925 4118 6.
951 4079 982 4139 p.
997 4060 1030 4119 d.
1044 4070 1110 4139 post
1130 4060 1227 4129 Guelf.
1240 4065 1267 4125 t.
1280 4088 1310 4148 9.
1331 4067 1415 4134 Bam,
1429 4092 1454 4136 ι,
1475 4091 1551 4134 eon»

150 4176 286 4230 renarrat
302 4175 339 4228 ut
358 4165 418 4228 Bas.
433 4187 458 4232 ι.
469 4166 496 4238 l.
518 4165 602 4228 Beru.
616 4187 644 4232 ι.
656 4164 686 4226 5.
709 4183 746 4224 ee
759 4162 817 4226 itte
829 4172 904 4224 erat.
925 4172 990 4226 erat
1004 4183 1064 4225 orn.
1081 4165 1161 4231 Vrat.
1174 4189 1200 4229 1.
1216 4179 1248 4230 et
1265 4170 1327 4232 iam
1338 4175 1505 4242 *motem
1522 4195 1557 4252 1.·

1182 4310 1333 4371 ια’
