<?xml version="1.0" encoding="UTF-8"?>
<!DOCTYPE html PUBLIC "-//W3C//DTD XHTML 1.0 Transitional//EN"
    "http://www.w3.org/TR/xhtml1/DTD/xhtml1-transitional.dtd">
<html xmlns="http://www.w3.org/1999/xhtml" xml:lang="en" lang="en">
 <head>
  <title>
</title>
<meta http-equiv="Content-Type" content="text/html;charset=utf-8" />
  <meta name='ocr-system' content='tesseract 3.04.00' />
  <meta name='ocr-capabilities' content='ocr_page ocr_carea ocr_par ocr_line ocrx_word'/>
</head>
<body>
  <div class='ocr_page' id='page_1' title='image "./salustiiquaeexs01sallgoog_0218.png"; bbox 0 0 3850 4867; ppageno 0'>
   <div class='ocr_carea' id='block_1_1' title="bbox 379 307 447 358">
    <p class='ocr_par' dir='ltr' id='par_1_1' title="bbox 379 307 447 358">
     <span class='ocr_line' id='line_1_1' title="bbox 379 307 447 358; baseline 0 0"><span class='ocrx_word' id='word_1_1' title='bbox 379 307 447 358; x_wconf 80' lang='lat' dir='ltr'><strong>m</strong></span> 
     </span>
    </p>
   </div>
   <div class='ocr_carea' id='block_1_2' title="bbox 330 463 1786 2436">
    <p class='ocr_par' dir='ltr' id='par_1_2' title="bbox 330 463 1786 2436">
     <span class='ocr_line' id='line_1_2' title="bbox 375 463 1747 576; baseline -0.003 -34"><span class='ocrx_word' id='word_1_2' title='bbox 375 463 543 542; x_wconf 74' lang='lat' dir='ltr'><strong>tenebat</strong></span> <span class='ocrx_word' id='word_1_3' title='bbox 563 491 654 542; x_wconf 88' lang='lat' dir='ltr'><strong>eum</strong></span> <span class='ocrx_word' id='word_1_4' title='bbox 684 465 867 560; x_wconf 74' lang='lat' dir='ltr'><strong>clamore,</strong></span> <span class='ocrx_word' id='word_1_5' title='bbox 890 468 1017 560; x_wconf 76' lang='lat' dir='ltr'><strong>voltu,</strong></span> <span class='ocrx_word' id='word_1_6' title='bbox 1046 495 1143 576; x_wconf 69' lang='lat' dir='ltr'><strong>sepe</strong></span> <span class='ocrx_word' id='word_1_7' title='bbox 1167 469 1313 576; x_wconf 85' lang='lat' dir='ltr'><strong>impetu</strong></span> <span class='ocrx_word' id='word_1_8' title='bbox 1344 485 1459 572; x_wconf 85' lang='lat' dir='ltr'><strong>atque</strong></span> <span class='ocrx_word' id='word_1_9' title='bbox 1477 465 1560 542; x_wconf 90' lang='lat' dir='ltr'><strong>aliis</strong></span> <span class='ocrx_word' id='word_1_10' title='bbox 1581 464 1747 541; x_wconf 85' lang='lat' dir='ltr'><strong>omnibus</strong></span> 
     </span>
     <span class='ocr_line' id='line_1_3' title="bbox 375 587 1766 699; baseline -0.004 -33"><span class='ocrx_word' id='word_1_11' title='bbox 375 613 464 690; x_wconf 72' lang='lat' dir='ltr'><strong>qum</strong></span> <span class='ocrx_word' id='word_1_12' title='bbox 495 590 553 666; x_wconf 87' lang='lat' dir='ltr'><strong>ira</strong></span> <span class='ocrx_word' id='word_1_13' title='bbox 582 589 665 667; x_wconf 83' lang='lat' dir='ltr'><strong>lieri</strong></span> <span class='ocrx_word' id='word_1_14' title='bbox 693 609 816 668; x_wconf 86' lang='lat' dir='ltr'><strong>amat:</strong></span> <span class='ocrx_word' id='word_1_15' title='bbox 839 593 933 671; x_wconf 82' lang='lat' dir='ltr'><strong>vicit</strong></span> <span class='ocrx_word' id='word_1_16' title='bbox 959 611 1086 670; x_wconf 87' lang='lat' dir='ltr'><strong>tamen</strong></span> <span class='ocrx_word' id='word_1_17' title='bbox 1114 593 1362 699; x_wconf 89' lang='lat' dir='ltr'><strong>impudentia.</strong></span> <span class='ocrx_word' id='word_1_18' title='bbox 1413 597 1470 667; x_wconf 88' lang='lat' dir='ltr'><strong>Ita</strong></span> <span class='ocrx_word' id='word_1_19' title='bbox 1490 589 1657 695; x_wconf 87' lang='lat' dir='ltr'><strong>populus</strong></span> <span class='ocrx_word' id='word_1_20' title='bbox 1676 587 1766 663; x_wconf 90' lang='lat' dir='ltr'><strong>ludi-</strong></span> 
     </span>
     <span class='ocr_line' id='line_1_4' title="bbox 375 711 1767 824; baseline -0.002 -34"><span class='ocrx_word' id='word_1_21' title='bbox 375 711 464 790; x_wconf 86' lang='lat' dir='ltr'><strong>brio</strong></span> <span class='ocrx_word' id='word_1_22' title='bbox 487 711 643 790; x_wconf 87' lang='lat' dir='ltr'><strong>habitus</strong></span> <span class='ocrx_word' id='word_1_23' title='bbox 659 743 707 792; x_wconf 86' lang='lat' dir='ltr'><strong>ex</strong></span> <span class='ocrx_word' id='word_1_24' title='bbox 726 717 912 793; x_wconf 85' lang='lat' dir='ltr'><strong>concione</strong></span> <span class='ocrx_word' id='word_1_25' title='bbox 936 717 1115 794; x_wconf 88' lang='lat' dir='ltr'><strong>discedit:</strong></span> <span class='ocrx_word' id='word_1_26' title='bbox 1139 717 1335 824; x_wconf 76' lang='lat' dir='ltr'><strong>Iugurthae</strong></span> <span class='ocrx_word' id='word_1_27' title='bbox 1356 716 1559 819; x_wconf 84' lang='lat' dir='ltr'><strong>Bestiaeque</strong></span> <span class='ocrx_word' id='word_1_28' title='bbox 1578 729 1617 788; x_wconf 94' lang='lat' dir='ltr'><strong>et</strong></span> <span class='ocrx_word' id='word_1_29' title='bbox 1640 711 1767 800; x_wconf 83' lang='lat' dir='ltr'><strong>ceteris,</strong></span> 
     </span>
     <span class='ocr_line' id='line_1_5' title="bbox 330 837 1769 947; baseline -0.003 -33"><span class='ocrx_word' id='word_1_30' title='bbox 330 855 475 939; x_wconf 56' lang='lat' dir='ltr'><strong>tiques</strong></span> <span class='ocrx_word' id='word_1_31' title='bbox 497 837 565 914; x_wconf 84' lang='lat' dir='ltr'><strong>illa</strong></span> <span class='ocrx_word' id='word_1_32' title='bbox 580 841 739 943; x_wconf 71' lang='lat' dir='ltr'><strong>qumstio</strong></span> <span class='ocrx_word' id='word_1_33' title='bbox 757 843 990 946; x_wconf 78' lang='lat' dir='ltr'><strong>exagitabat,</strong></span> <span class='ocrx_word' id='word_1_34' title='bbox 1005 842 1125 917; x_wconf 91' lang='lat' dir='ltr'><strong>animi</strong></span> <span class='ocrx_word' id='word_1_35' title='bbox 1142 859 1356 947; x_wconf 82' lang='lat' dir='ltr'><strong>augescunt.</strong></span> <span class='ocrx_word' id='word_1_36' title='bbox 1407 843 1501 915; x_wconf 91' lang='lat' dir='ltr'><strong>Erat</strong></span> <span class='ocrx_word' id='word_1_37' title='bbox 1518 867 1561 915; x_wconf 91' lang='lat' dir='ltr'><strong>ea</strong></span> <span class='ocrx_word' id='word_1_38' title='bbox 1584 852 1769 941; x_wconf 80' lang='lat' dir='ltr'><strong>tempesta-</strong></span> 
     </span>
     <span class='ocr_line' id='line_1_6' title="bbox 380 954 1769 1070; baseline -0.001 -34"><span class='ocrx_word' id='word_1_39' title='bbox 380 976 418 1036; x_wconf 83' lang='lat' dir='ltr'><strong>te</strong></span> <span class='ocrx_word' id='word_1_40' title='bbox 448 963 577 1039; x_wconf 80' lang='lat' dir='ltr'><strong>Romae</strong></span> <span class='ocrx_word' id='word_1_41' title='bbox 608 965 775 1042; x_wconf 87' lang='lat' dir='ltr'><strong>Numida</strong></span> <span class='ocrx_word' id='word_1_42' title='bbox 810 967 991 1070; x_wconf 88' lang='lat' dir='ltr'><strong>quidam,</strong></span> <span class='ocrx_word' id='word_1_43' title='bbox 1033 966 1191 1042; x_wconf 86' lang='lat' dir='ltr'><strong>nornine</strong></span> <span class='ocrx_word' id='word_1_44' title='bbox 1221 954 1403 1058; x_wconf 79' lang='lat' dir='ltr'><strong>Massiva,</strong></span> <span class='ocrx_word' id='word_1_45' title='bbox 1446 965 1623 1039; x_wconf 85' lang='lat' dir='ltr'><strong>Gulussae</strong></span> <span class='ocrx_word' id='word_1_46' title='bbox 1659 961 1769 1048; x_wconf 82' lang='lat' dir='ltr'><strong>filius,</strong></span> 
     </span>
     <span class='ocr_line' id='line_1_7' title="bbox 378 1085 1773 1196; baseline -0.002 -36"><span class='ocrx_word' id='word_1_47' title='bbox 378 1085 584 1162; x_wconf 60' lang='lat' dir='ltr'><strong>Masinissa</strong></span> <span class='ocrx_word' id='word_1_48' title='bbox 596 1115 733 1193; x_wconf 84' lang='lat' dir='ltr'><strong>nepos:</strong></span> <span class='ocrx_word' id='word_1_49' title='bbox 754 1092 840 1193; x_wconf 86' lang='lat' dir='ltr'><strong>qui,</strong></span> <span class='ocrx_word' id='word_1_50' title='bbox 864 1093 956 1194; x_wconf 86' lang='lat' dir='ltr'><strong>qnia</strong></span> <span class='ocrx_word' id='word_1_51' title='bbox 978 1091 1018 1164; x_wconf 93' lang='lat' dir='ltr'><strong>in</strong></span> <span class='ocrx_word' id='word_1_52' title='bbox 1036 1091 1264 1166; x_wconf 83' lang='lat' dir='ltr'><strong>dissensione</strong></span> <span class='ocrx_word' id='word_1_53' title='bbox 1279 1119 1411 1196; x_wconf 81' lang='lat' dir='ltr'><strong>regum</strong></span> <span class='ocrx_word' id='word_1_54' title='bbox 1433 1085 1629 1194; x_wconf 73' lang='lat' dir='ltr'><strong>Iugurthae</strong></span> <span class='ocrx_word' id='word_1_55' title='bbox 1650 1086 1773 1162; x_wconf 81' lang='lat' dir='ltr'><strong>advor-</strong></span> 
     </span>
     <span class='ocr_line' id='line_1_8' title="bbox 375 1202 1775 1318; baseline -0.002 -31"><span class='ocrx_word' id='word_1_56' title='bbox 375 1235 439 1287; x_wconf 78' lang='lat' dir='ltr'><strong>sus</strong></span> <span class='ocrx_word' id='word_1_57' title='bbox 458 1211 602 1302; x_wconf 70' lang='lat' dir='ltr'><strong>fluerat,</strong></span> <span class='ocrx_word' id='word_1_58' title='bbox 618 1213 746 1288; x_wconf 87' lang='lat' dir='ltr'><strong>dedita</strong></span> <span class='ocrx_word' id='word_1_59' title='bbox 763 1215 866 1289; x_wconf 87' lang='lat' dir='ltr'><strong>Cirta</strong></span> <span class='ocrx_word' id='word_1_60' title='bbox 883 1231 923 1290; x_wconf 92' lang='lat' dir='ltr'><strong>et</strong></span> <span class='ocrx_word' id='word_1_61' title='bbox 942 1213 1160 1289; x_wconf 80' lang='lat' dir='ltr'><strong>Adherbale</strong></span> <span class='ocrx_word' id='word_1_62' title='bbox 1176 1213 1393 1305; x_wconf 78' lang='lat' dir='ltr'><strong>interiecto,</strong></span> <span class='ocrx_word' id='word_1_63' title='bbox 1418 1213 1602 1318; x_wconf 81' lang='lat' dir='ltr'><strong>profugus</strong></span> <span class='ocrx_word' id='word_1_64' title='bbox 1616 1202 1667 1286; x_wconf 65' lang='lat' dir='ltr'><strong>&#39;ex</strong></span> <span class='ocrx_word' id='word_1_65' title='bbox 1683 1209 1775 1285; x_wconf 80' lang='lat' dir='ltr'><strong>Atri-</strong></span> 
     </span>
     <span class='ocr_line' id='line_1_9' title="bbox 378 1335 1776 1442; baseline -0.004 -32"><span class='ocrx_word' id='word_1_66' title='bbox 378 1361 422 1410; x_wconf 76' lang='grc' dir='ltr'><strong>αι</strong></span> <span class='ocrx_word' id='word_1_67' title='bbox 447 1335 602 1411; x_wconf 83' lang='lat' dir='ltr'><strong>abierat</strong></span> <span class='ocrx_word' id='word_1_68' title='bbox 653 1338 754 1412; x_wconf 86' lang='lat' dir='ltr'><strong>Huic</strong></span> <span class='ocrx_word' id='word_1_69' title='bbox 769 1340 830 1442; x_wconf 87' lang='lat' dir='ltr'><strong>Sp.</strong></span> <span class='ocrx_word' id='word_1_70' title='bbox 856 1338 1038 1428; x_wconf 79' lang='lat' dir='ltr'><strong>Albinus,</strong></span> <span class='ocrx_word' id='word_1_71' title='bbox 1064 1337 1132 1441; x_wconf 85' lang='lat' dir='ltr'><strong>qni</strong></span> <span class='ocrx_word' id='word_1_72' title='bbox 1156 1363 1345 1441; x_wconf 84' lang='lat' dir='ltr'><strong>proxumo</strong></span> <span class='ocrx_word' id='word_1_73' title='bbox 1372 1364 1476 1413; x_wconf 90' lang='lat' dir='ltr'><strong>anno</strong></span> <span class='ocrx_word' id='word_1_74' title='bbox 1503 1350 1589 1439; x_wconf 90' lang='lat' dir='ltr'><strong>post</strong></span> <span class='ocrx_word' id='word_1_75' title='bbox 1623 1335 1776 1408; x_wconf 76' lang='lat' dir='ltr'><strong>bestiam</strong></span> 
     </span>
     <span class='ocr_line' id='line_1_10' title="bbox 379 1459 1775 1566; baseline -0.001 -33"><span class='ocrx_word' id='word_1_76' title='bbox 379 1484 470 1533; x_wconf 90' lang='lat' dir='ltr'><strong>cum</strong></span> <span class='ocrx_word' id='word_1_77' title='bbox 491 1459 538 1555; x_wconf 91' lang='lat' dir='ltr'><strong>Q.</strong></span> <span class='ocrx_word' id='word_1_78' title='bbox 557 1460 731 1535; x_wconf 88' lang='lat' dir='ltr'><strong>Minucio</strong></span> <span class='ocrx_word' id='word_1_79' title='bbox 758 1463 859 1538; x_wconf 85' lang='lat' dir='ltr'><strong>Rufo</strong></span> <span class='ocrx_word' id='word_1_80' title='bbox 883 1462 1126 1538; x_wconf 88' lang='lat' dir='ltr'><strong>consulatum</strong></span> <span class='ocrx_word' id='word_1_81' title='bbox 1151 1463 1320 1566; x_wconf 79' lang='lat' dir='ltr'><strong>gerebat,</strong></span> <span class='ocrx_word' id='word_1_82' title='bbox 1351 1461 1570 1566; x_wconf 82' lang='lat' dir='ltr'><strong>persuadet,</strong></span> <span class='ocrx_word' id='word_1_83' title='bbox 1596 1459 1775 1562; x_wconf 63' lang='lat' dir='ltr'><strong>(moniam</strong></span> 
     </span>
     <span class='ocr_line' id='line_1_11' title="bbox 378 1583 1779 1688; baseline -0.001 -32"><span class='ocrx_word' id='word_1_84' title='bbox 378 1583 569 1686; x_wconf 82' lang='lat' dir='ltr'><strong>exstirpe</strong></span> <span class='ocrx_word' id='word_1_85' title='bbox 583 1584 792 1660; x_wconf 78' lang='lat' dir='ltr'><strong>Masinissae</strong></span> <span class='ocrx_word' id='word_1_86' title='bbox 815 1586 881 1677; x_wconf 91' lang='lat' dir='ltr'><strong>sit,</strong></span> <span class='ocrx_word' id='word_1_87' title='bbox 907 1583 1135 1688; x_wconf 84' lang='lat' dir='ltr'><strong>Iugurtham</strong></span> <span class='ocrx_word' id='word_1_88' title='bbox 1159 1586 1209 1660; x_wconf 91' lang='lat' dir='ltr'><strong>ob</strong></span> <span class='ocrx_word' id='word_1_89' title='bbox 1233 1585 1371 1660; x_wconf 90' lang='lat' dir='ltr'><strong>scelera</strong></span> <span class='ocrx_word' id='word_1_90' title='bbox 1402 1584 1546 1660; x_wconf 82' lang='lat' dir='ltr'><strong>invidia</strong></span> <span class='ocrx_word' id='word_1_91' title='bbox 1566 1609 1656 1658; x_wconf 90' lang='lat' dir='ltr'><strong>cum</strong></span> <span class='ocrx_word' id='word_1_92' title='bbox 1681 1597 1779 1656; x_wconf 82' lang='lat' dir='ltr'><strong>metu</strong></span> 
     </span>
     <span class='ocr_line' id='line_1_12' title="bbox 381 1705 1781 1813; baseline -0.001 -33"><span class='ocrx_word' id='word_1_93' title='bbox 381 1721 562 1810; x_wconf 74' lang='lat' dir='ltr'><strong>urgueat,</strong></span> <span class='ocrx_word' id='word_1_94' title='bbox 585 1735 747 1813; x_wconf 77' lang='lat' dir='ltr'><strong>regnum</strong></span> <span class='ocrx_word' id='word_1_95' title='bbox 766 1709 958 1785; x_wconf 74' lang='lat' dir='ltr'><strong>Numidiae</strong></span> <span class='ocrx_word' id='word_1_96' title='bbox 981 1709 1030 1782; x_wconf 92' lang='lat' dir='ltr'><strong>ab</strong></span> <span class='ocrx_word' id='word_1_97' title='bbox 1047 1710 1190 1784; x_wconf 83' lang='lat' dir='ltr'><strong>Senatu</strong></span> <span class='ocrx_word' id='word_1_98' title='bbox 1213 1725 1326 1813; x_wconf 83' lang='lat' dir='ltr'><strong>petat</strong></span> <span class='ocrx_word' id='word_1_99' title='bbox 1375 1710 1518 1786; x_wconf 81' lang='lat' dir='ltr'><strong>Avidus</strong></span> <span class='ocrx_word' id='word_1_100' title='bbox 1544 1708 1686 1784; x_wconf 91' lang='lat' dir='ltr'><strong>Consul</strong></span> <span class='ocrx_word' id='word_1_101' title='bbox 1708 1705 1781 1782; x_wconf 91' lang='lat' dir='ltr'><strong>bel-</strong></span> 
     </span>
     <span class='ocr_line' id='line_1_13' title="bbox 381 1829 1782 1938; baseline 0 -32"><span class='ocrx_word' id='word_1_102' title='bbox 381 1829 410 1906; x_wconf 93' lang='lat' dir='ltr'><strong>li</strong></span> <span class='ocrx_word' id='word_1_103' title='bbox 429 1831 614 1935; x_wconf 79' lang='lat' dir='ltr'><strong>genmdi‚</strong></span> <span class='ocrx_word' id='word_1_104' title='bbox 642 1859 792 1908; x_wconf 77' lang='lat' dir='ltr'><strong>movere</strong></span> <span class='ocrx_word' id='word_1_105' title='bbox 811 1860 929 1936; x_wconf 89' lang='lat' dir='ltr'><strong>quam</strong></span> <span class='ocrx_word' id='word_1_106' title='bbox 950 1859 1139 1909; x_wconf 80' lang='lat' dir='ltr'><strong>senescere</strong></span> <span class='ocrx_word' id='word_1_107' title='bbox 1160 1833 1288 1909; x_wconf 89' lang='lat' dir='ltr'><strong>omnia</strong></span> <span class='ocrx_word' id='word_1_108' title='bbox 1321 1833 1513 1928; x_wconf 78' lang='lat' dir='ltr'><strong>malebat,</strong></span> <span class='ocrx_word' id='word_1_109' title='bbox 1539 1832 1609 1938; x_wconf 92' lang='lat' dir='ltr'><strong>ipsi</strong></span> <span class='ocrx_word' id='word_1_110' title='bbox 1633 1832 1782 1936; x_wconf 82' lang='lat' dir='ltr'><strong>provin-</strong></span> 
     </span>
     <span class='ocr_line' id='line_1_14' title="bbox 380 1953 1782 2062; baseline -0.001 -32"><span class='ocrx_word' id='word_1_111' title='bbox 380 1953 441 2030; x_wconf 90' lang='lat' dir='ltr'><strong>cia</strong></span> <span class='ocrx_word' id='word_1_112' title='bbox 461 1955 663 2048; x_wconf 87' lang='lat' dir='ltr'><strong>Numidia,</strong></span> <span class='ocrx_word' id='word_1_113' title='bbox 687 1956 862 2033; x_wconf 90' lang='lat' dir='ltr'><strong>Minucio</strong></span> <span class='ocrx_word' id='word_1_114' title='bbox 879 1957 1103 2033; x_wconf 85' lang='lat' dir='ltr'><strong>Macedonia</strong></span> <span class='ocrx_word' id='word_1_115' title='bbox 1120 1975 1302 2034; x_wconf 83' lang='lat' dir='ltr'><strong>evenerat.</strong></span> <span class='ocrx_word' id='word_1_116' title='bbox 1354 1959 1453 2056; x_wconf 86' lang='lat' dir='ltr'><strong>Quae</strong></span> <span class='ocrx_word' id='word_1_117' title='bbox 1469 1973 1672 2062; x_wconf 82' lang='lat' dir='ltr'><strong>postquam</strong></span> <span class='ocrx_word' id='word_1_118' title='bbox 1690 1957 1782 2030; x_wconf 88' lang='lat' dir='ltr'><strong>Mas-</strong></span> 
     </span>
     <span class='ocr_line' id='line_1_15' title="bbox 380 2077 1783 2188; baseline 0 -36"><span class='ocrx_word' id='word_1_119' title='bbox 380 2077 458 2154; x_wconf 83' lang='lat' dir='ltr'><strong>siva</strong></span> <span class='ocrx_word' id='word_1_120' title='bbox 494 2080 638 2185; x_wconf 81' lang='lat' dir='ltr'><strong>agitare</strong></span> <span class='ocrx_word' id='word_1_121' title='bbox 668 2081 814 2184; x_wconf 88' lang='lat' dir='ltr'><strong>coepit,</strong></span> <span class='ocrx_word' id='word_1_122' title='bbox 838 2109 965 2185; x_wconf 84' lang='lat' dir='ltr'><strong>neque</strong></span> <span class='ocrx_word' id='word_1_123' title='bbox 989 2081 1185 2188; x_wconf 73' lang='lat' dir='ltr'><strong>Iugurthae</strong></span> <span class='ocrx_word' id='word_1_124' title='bbox 1203 2083 1244 2158; x_wconf 93' lang='lat' dir='ltr'><strong>in</strong></span> <span class='ocrx_word' id='word_1_125' title='bbox 1264 2083 1394 2158; x_wconf 87' lang='lat' dir='ltr'><strong>amicis</strong></span> <span class='ocrx_word' id='word_1_126' title='bbox 1417 2083 1505 2158; x_wconf 85' lang='lat' dir='ltr'><strong>satis</strong></span> <span class='ocrx_word' id='word_1_127' title='bbox 1526 2081 1693 2186; x_wconf 70' lang='lat' dir='ltr'><strong>presidii</strong></span> <span class='ocrx_word' id='word_1_128' title='bbox 1718 2095 1783 2156; x_wconf 81' lang='lat' dir='ltr'><strong>est:</strong></span> 
     </span>
     <span class='ocr_line' id='line_1_16' title="bbox 381 2203 1785 2310; baseline 0.001 -31"><span class='ocrx_word' id='word_1_129' title='bbox 381 2203 490 2306; x_wconf 86' lang='lat' dir='ltr'><strong>quod</strong></span> <span class='ocrx_word' id='word_1_130' title='bbox 517 2231 651 2283; x_wconf 85' lang='lat' dir='ltr'><strong>eorum</strong></span> <span class='ocrx_word' id='word_1_131' title='bbox 681 2205 804 2281; x_wconf 86' lang='lat' dir='ltr'><strong>alium</strong></span> <span class='ocrx_word' id='word_1_132' title='bbox 823 2207 1072 2297; x_wconf 89' lang='lat' dir='ltr'><strong>conscientia,</strong></span> <span class='ocrx_word' id='word_1_133' title='bbox 1085 2206 1205 2282; x_wconf 87' lang='lat' dir='ltr'><strong>elium</strong></span> <span class='ocrx_word' id='word_1_134' title='bbox 1226 2206 1326 2282; x_wconf 89' lang='lat' dir='ltr'><strong>mala</strong></span> <span class='ocrx_word' id='word_1_135' title='bbox 1348 2207 1449 2282; x_wconf 82' lang='lat' dir='ltr'><strong>lama</strong></span> <span class='ocrx_word' id='word_1_136' title='bbox 1470 2222 1508 2282; x_wconf 87' lang='lat' dir='ltr'><strong>et</strong></span> <span class='ocrx_word' id='word_1_137' title='bbox 1531 2207 1648 2281; x_wconf 90' lang='lat' dir='ltr'><strong>timor</strong></span> <span class='ocrx_word' id='word_1_138' title='bbox 1672 2205 1785 2310; x_wconf 73' lang='lat' dir='ltr'><strong>impe</strong></span> 
     </span>
     <span class='ocr_line' id='line_1_17' title="bbox 382 2326 1786 2436; baseline 0.002 -34"><span class='ocrx_word' id='word_1_139' title='bbox 382 2326 515 2404; x_wconf 88' lang='lat' dir='ltr'><strong>diebat</strong></span> <span class='ocrx_word' id='word_1_140' title='bbox 535 2361 545 2404; x_wconf 72' lang='grc' dir='ltr'><strong><em>ε</em></strong></span> <span class='ocrx_word' id='word_1_141' title='bbox 569 2329 788 2421; x_wconf 88' lang='lat' dir='ltr'><strong>Bomilcari,</strong></span> <span class='ocrx_word' id='word_1_142' title='bbox 812 2356 1001 2436; x_wconf 86' lang='lat' dir='ltr'><strong>proxumo</strong></span> <span class='ocrx_word' id='word_1_143' title='bbox 1023 2355 1068 2405; x_wconf 87' lang='lat' dir='ltr'><strong>ac</strong></span> <span class='ocrx_word' id='word_1_144' title='bbox 1092 2357 1270 2406; x_wconf 83' lang='lat' dir='ltr'><strong>maxume</strong></span> <span class='ocrx_word' id='word_1_145' title='bbox 1292 2329 1369 2407; x_wconf 89' lang='lat' dir='ltr'><strong>lido</strong></span> <span class='ocrx_word' id='word_1_146' title='bbox 1389 2331 1479 2422; x_wconf 89' lang='lat' dir='ltr'><strong>sibi,</strong></span> <span class='ocrx_word' id='word_1_147' title='bbox 1502 2329 1682 2434; x_wconf 90' lang='lat' dir='ltr'><strong>imperat,</strong></span> <span class='ocrx_word' id='word_1_148' title='bbox 1704 2355 1786 2434; x_wconf 86' lang='lat' dir='ltr'><strong>pre·</strong></span> 
     </span>
    </p>
   </div>
   <div class='ocr_carea' id='block_1_3' title="bbox 384 2451 1790 3056">
    <p class='ocr_par' dir='ltr' id='par_1_3' title="bbox 384 2451 1790 3056">
     <span class='ocr_line' id='line_1_18' title="bbox 385 2451 1787 2559; baseline 0.003 -33"><span class='ocrx_word' id='word_1_149' title='bbox 385 2451 462 2542; x_wconf 91' lang='lat' dir='ltr'><strong>tio,</strong></span> <span class='ocrx_word' id='word_1_150' title='bbox 490 2452 602 2527; x_wconf 86' lang='lat' dir='ltr'><strong>sicuti</strong></span> <span class='ocrx_word' id='word_1_151' title='bbox 624 2453 747 2528; x_wconf 88' lang='lat' dir='ltr'><strong>multa</strong></span> <span class='ocrx_word' id='word_1_152' title='bbox 768 2454 1003 2546; x_wconf 84' lang='lat' dir='ltr'><strong>confecerat,</strong></span> <span class='ocrx_word' id='word_1_153' title='bbox 1024 2454 1259 2532; x_wconf 71' lang='lat' dir='ltr'><strong>insidiatores</strong></span> <span class='ocrx_word' id='word_1_154' title='bbox 1280 2457 1457 2532; x_wconf 80' lang='lat' dir='ltr'><strong>idassivae</strong></span> <span class='ocrx_word' id='word_1_155' title='bbox 1472 2471 1602 2559; x_wconf 89' lang='lat' dir='ltr'><strong>paret,</strong></span> <span class='ocrx_word' id='word_1_156' title='bbox 1638 2481 1683 2530; x_wconf 87' lang='lat' dir='ltr'><strong>ac</strong></span> <span class='ocrx_word' id='word_1_157' title='bbox 1710 2481 1787 2530; x_wconf 87' lang='lat' dir='ltr'><strong>ma·</strong></span> 
     </span>
     <span class='ocr_line' id='line_1_19' title="bbox 384 2576 1786 2685; baseline 0.005 -38"><span class='ocrx_word' id='word_1_158' title='bbox 384 2601 500 2649; x_wconf 84' lang='lat' dir='ltr'><strong>xume</strong></span> <span class='ocrx_word' id='word_1_159' title='bbox 531 2576 697 2652; x_wconf 83' lang='lat' dir='ltr'><strong>occulte:</strong></span> <span class='ocrx_word' id='word_1_160' title='bbox 720 2577 781 2651; x_wconf 85' lang='lat' dir='ltr'><strong>sin</strong></span> <span class='ocrx_word' id='word_1_161' title='bbox 809 2577 850 2653; x_wconf 87' lang='lat' dir='ltr'><strong>id</strong></span> <span class='ocrx_word' id='word_1_162' title='bbox 869 2607 1009 2684; x_wconf 90' lang='lat' dir='ltr'><strong>parum</strong></span> <span class='ocrx_word' id='word_1_163' title='bbox 1039 2580 1236 2685; x_wconf 88' lang='lat' dir='ltr'><strong>procedat,</strong></span> <span class='ocrx_word' id='word_1_164' title='bbox 1262 2581 1394 2684; x_wconf 82' lang='lat' dir='ltr'><strong>quovis</strong></span> <span class='ocrx_word' id='word_1_165' title='bbox 1425 2579 1538 2654; x_wconf 92' lang='lat' dir='ltr'><strong>modo</strong></span> <span class='ocrx_word' id='word_1_166' title='bbox 1573 2579 1786 2669; x_wconf 89' lang='lat' dir='ltr'><strong>Numidam,</strong></span> 
     </span>
     <span class='ocr_line' id='line_1_20' title="bbox 387 2697 1790 2810; baseline 0.006 -39"><span class='ocrx_word' id='word_1_167' title='bbox 387 2697 601 2773; x_wconf 85' lang='lat' dir='ltr'><strong>interliciat.</strong></span> <span class='ocrx_word' id='word_1_168' title='bbox 661 2701 850 2778; x_wconf 90' lang='lat' dir='ltr'><strong>Bomilcar</strong></span> <span class='ocrx_word' id='word_1_169' title='bbox 878 2721 1031 2781; x_wconf 87' lang='lat' dir='ltr'><strong>mature</strong></span> <span class='ocrx_word' id='word_1_170' title='bbox 1053 2705 1148 2809; x_wconf 79' lang='lat' dir='ltr'><strong>regis</strong></span> <span class='ocrx_word' id='word_1_171' title='bbox 1178 2704 1359 2780; x_wconf 88' lang='lat' dir='ltr'><strong>mandata</strong></span> <span class='ocrx_word' id='word_1_172' title='bbox 1385 2705 1627 2808; x_wconf 82' lang='lat' dir='ltr'><strong>exsequitur,</strong></span> <span class='ocrx_word' id='word_1_173' title='bbox 1650 2720 1690 2779; x_wconf 92' lang='lat' dir='ltr'><strong>et</strong></span> <span class='ocrx_word' id='word_1_174' title='bbox 1722 2731 1790 2810; x_wconf 88' lang='lat' dir='ltr'><strong>per</strong></span> 
     </span>
     <span class='ocr_line' id='line_1_21' title="bbox 385 2819 1788 2932; baseline 0.006 -36"><span class='ocrx_word' id='word_1_175' title='bbox 385 2819 559 2898; x_wconf 87' lang='lat' dir='ltr'><strong>homines</strong></span> <span class='ocrx_word' id='word_1_176' title='bbox 589 2823 674 2900; x_wconf 82' lang='lat' dir='ltr'><strong>talis</strong></span> <span class='ocrx_word' id='word_1_177' title='bbox 703 2828 844 2932; x_wconf 75' lang='lat' dir='ltr'><strong>negotii</strong></span> <span class='ocrx_word' id='word_1_178' title='bbox 869 2828 1030 2904; x_wconf 84' lang='lat' dir='ltr'><strong>artifices</strong></span> <span class='ocrx_word' id='word_1_179' title='bbox 1053 2827 1190 2902; x_wconf 88' lang='lat' dir='ltr'><strong>itinera</strong></span> <span class='ocrx_word' id='word_1_180' title='bbox 1218 2853 1456 2932; x_wconf 79' lang='lat' dir='ltr'><strong>egressusque</strong></span> <span class='ocrx_word' id='word_1_181' title='bbox 1479 2829 1579 2918; x_wconf 89' lang='lat' dir='ltr'><strong>eius,</strong></span> <span class='ocrx_word' id='word_1_182' title='bbox 1600 2843 1788 2932; x_wconf 88' lang='lat' dir='ltr'><strong>postremo</strong></span> 
     </span>
     <span class='ocr_line' id='line_1_22' title="bbox 385 2945 1789 3056; baseline 0.005 -37"><span class='ocrx_word' id='word_1_183' title='bbox 385 2945 469 3021; x_wconf 84' lang='lat' dir='ltr'><strong>loca</strong></span> <span class='ocrx_word' id='word_1_184' title='bbox 489 2963 605 3050; x_wconf 69' lang='lat' dir='ltr'><strong>atrpse</strong></span> <span class='ocrx_word' id='word_1_185' title='bbox 623 2963 792 3054; x_wconf 85' lang='lat' dir='ltr'><strong>tempora</strong></span> <span class='ocrx_word' id='word_1_186' title='bbox 814 2969 954 3029; x_wconf 87' lang='lat' dir='ltr'><strong>cuncta</strong></span> <span class='ocrx_word' id='word_1_187' title='bbox 976 2949 1170 3056; x_wconf 77' lang='lat' dir='ltr'><strong>explorat:</strong></span> <span class='ocrx_word' id='word_1_188' title='bbox 1196 2951 1350 3042; x_wconf 91' lang='lat' dir='ltr'><strong>deinde,</strong></span> <span class='ocrx_word' id='word_1_189' title='bbox 1377 2952 1445 3028; x_wconf 93' lang='lat' dir='ltr'><strong>ubi</strong></span> <span class='ocrx_word' id='word_1_190' title='bbox 1472 2977 1528 3028; x_wconf 74' lang='lat' dir='ltr'><strong>rus</strong></span> <span class='ocrx_word' id='word_1_191' title='bbox 1555 2953 1789 3056; x_wconf 86' lang='lat' dir='ltr'><strong>postulabat,</strong></span> 
     </span>
    </p>
   </div>
   <div class='ocr_carea' id='block_1_4' title="bbox 384 3145 1789 3330">
    <p class='ocr_par' dir='ltr' id='par_1_4' title="bbox 384 3145 1789 3330">
     <span class='ocr_line' id='line_1_23' title="bbox 384 3145 1789 3234; baseline 0.004 -28"><span class='ocrx_word' id='word_1_192' title='bbox 384 3147 435 3206; x_wconf 84' lang='lat' dir='ltr'><strong>lat.</strong></span> <span class='ocrx_word' id='word_1_193' title='bbox 458 3145 541 3207; x_wconf 82' lang='lat' dir='ltr'><strong>Fabr.</strong></span> <span class='ocrx_word' id='word_1_194' title='bbox 553 3166 580 3206; x_wconf 81' lang='lat' dir='ltr'><strong>a.</strong></span> <span class='ocrx_word' id='word_1_195' title='bbox 601 3146 686 3214; x_wconf 84' lang='lat' dir='ltr'><strong>Rem.</strong></span> <span class='ocrx_word' id='word_1_196' title='bbox 707 3148 760 3212; x_wconf 75' lang='lat' dir='ltr'><strong>dc.</strong></span> <span class='ocrx_word' id='word_1_197' title='bbox 781 3151 862 3214; x_wconf 74' lang='lat' dir='ltr'><strong>vm.</strong></span> <span class='ocrx_word' id='word_1_198' title='bbox 875 3157 903 3214; x_wconf 80' lang='lat'><strong>3.</strong></span> <span class='ocrx_word' id='word_1_199' title='bbox 924 3151 1023 3212; x_wconf 86' lang='lat' dir='ltr'><strong>Guels.</strong></span> <span class='ocrx_word' id='word_1_200' title='bbox 1039 3171 1105 3234; x_wconf 78' lang='grc' dir='ltr'><strong>ι.9.</strong></span> <span class='ocrx_word' id='word_1_201' title='bbox 1127 3150 1251 3213; x_wconf 65' lang='lat' dir='ltr'><strong>diamur</strong></span> <span class='ocrx_word' id='word_1_202' title='bbox 1273 3149 1382 3214; x_wconf 85' lang='lat' dir='ltr'><strong>Fabric.</strong></span> <span class='ocrx_word' id='word_1_203' title='bbox 1402 3153 1489 3218; x_wconf 82' lang='lat' dir='ltr'><strong>llirii.</strong></span> <span class='ocrx_word' id='word_1_204' title='bbox 1509 3151 1610 3214; x_wconf 79' lang='lat' dir='ltr'><strong>Nerar.</strong></span> <span class='ocrx_word' id='word_1_205' title='bbox 1633 3151 1751 3214; x_wconf 71' lang='lat' dir='ltr'><strong>Palatio.</strong></span> <span class='ocrx_word' id='word_1_206' title='bbox 1763 3171 1789 3212; x_wconf 80' lang='lat' dir='ltr'><strong>a.</strong></span> 
     </span>
     <span class='ocr_line' id='line_1_24' title="bbox 385 3249 1468 3330; baseline 0.013 -22"><span class='ocrx_word' id='word_1_207' title='bbox 385 3252 473 3312; x_wconf 86' lang='lat' dir='ltr'><strong>multi</strong></span> <span class='ocrx_word' id='word_1_208' title='bbox 487 3271 521 3311; x_wconf 84' lang='lat' dir='ltr'><strong>ex</strong></span> <span class='ocrx_word' id='word_1_209' title='bbox 538 3249 620 3312; x_wconf 79' lang='lat' dir='ltr'><strong>Cart.</strong></span> <span class='ocrx_word' id='word_1_210' title='bbox 641 3253 703 3320; x_wconf 77' lang='lat' dir='ltr'><strong>Bes,</strong></span> <span class='ocrx_word' id='word_1_211' title='bbox 719 3275 744 3317; x_wconf 85' lang='lat'><strong>1.</strong></span> <span class='ocrx_word' id='word_1_212' title='bbox 756 3256 786 3329; x_wconf 66' lang='lat' dir='ltr'><strong>A.</strong></span> <span class='ocrx_word' id='word_1_213' title='bbox 805 3255 874 3323; x_wconf 83' lang='lat' dir='ltr'><strong>Tur.</strong></span> <span class='ocrx_word' id='word_1_214' title='bbox 895 3257 981 3324; x_wconf 77' lang='lat' dir='ltr'><strong>Besa.</strong></span> <span class='ocrx_word' id='word_1_215' title='bbox 998 3277 1022 3322; x_wconf 85' lang='lat'><strong>1.</strong></span> <span class='ocrx_word' id='word_1_216' title='bbox 1039 3256 1068 3317; x_wconf 81' lang='grc'><strong>3.</strong></span> <span class='ocrx_word' id='word_1_217' title='bbox 1089 3255 1192 3318; x_wconf 68' lang='lat' dir='ltr'><strong>Barata</strong></span> <span class='ocrx_word' id='word_1_218' title='bbox 1206 3266 1235 3318; x_wconf 81' lang='lat' dir='ltr'><strong>ot</strong></span> <span class='ocrx_word' id='word_1_219' title='bbox 1247 3258 1349 3318; x_wconf 68' lang='lat' dir='ltr'><strong>celeris</strong></span> <span class='ocrx_word' id='word_1_220' title='bbox 1368 3258 1428 3318; x_wconf 82' lang='lat' dir='ltr'><strong>Bas.</strong></span> <span class='ocrx_word' id='word_1_221' title='bbox 1439 3259 1468 3330; x_wconf 75' lang='lat' dir='ltr'><strong>d.</strong></span> 
     </span>
    </p>
   </div>
   <div class='ocr_carea' id='block_1_5' title="bbox 251 3375 1790 4210">
    <p class='ocr_par' dir='ltr' id='par_1_5' title="bbox 449 3375 1790 3470">
     <span class='ocr_line' id='line_1_25' title="bbox 449 3375 1790 3470; baseline 0.005 -31"><span class='ocrx_word' id='word_1_222' title='bbox 449 3375 522 3460; x_wconf 68' lang='lat' dir='ltr'><strong>cap.</strong></span> <span class='ocrx_word' id='word_1_223' title='bbox 535 3381 584 3442; x_wconf 80' lang='lat'><strong>35.</strong></span> <span class='ocrx_word' id='word_1_224' title='bbox 605 3403 640 3443; x_wconf 85' lang='lat' dir='ltr'><strong>ea</strong></span> <span class='ocrx_word' id='word_1_225' title='bbox 652 3395 727 3445; x_wconf 82' lang='lat' dir='ltr'><strong>crat·</strong></span> <span class='ocrx_word' id='word_1_226' title='bbox 737 3395 758 3446; x_wconf 80' lang='lat' dir='ltr'><strong>t.</strong></span> <span class='ocrx_word' id='word_1_227' title='bbox 779 3389 819 3446; x_wconf 85' lang='lat' dir='ltr'><strong>ita</strong></span> <span class='ocrx_word' id='word_1_228' title='bbox 829 3385 910 3447; x_wconf 88' lang='lat' dir='ltr'><strong>Cort.</strong></span> <span class='ocrx_word' id='word_1_229' title='bbox 923 3396 952 3447; x_wconf 87' lang='lat' dir='ltr'><strong>et</strong></span> <span class='ocrx_word' id='word_1_230' title='bbox 969 3387 1089 3450; x_wconf 79' lang='lat' dir='ltr'><strong>Havete.</strong></span> <span class='ocrx_word' id='word_1_231' title='bbox 1109 3386 1155 3448; x_wconf 89' lang='lat' dir='ltr'><strong>ed.</strong></span> <span class='ocrx_word' id='word_1_232' title='bbox 1177 3397 1242 3447; x_wconf 84' lang='lat' dir='ltr'><strong>erat</strong></span> <span class='ocrx_word' id='word_1_233' title='bbox 1262 3407 1296 3448; x_wconf 86' lang='lat' dir='ltr'><strong>ea</strong></span> <span class='ocrx_word' id='word_1_234' title='bbox 1313 3397 1334 3446; x_wconf 84' lang='lat' dir='ltr'><strong>t.</strong></span> <span class='ocrx_word' id='word_1_235' title='bbox 1354 3387 1435 3447; x_wconf 85' lang='lat' dir='ltr'><strong>Leid.</strong></span> <span class='ocrx_word' id='word_1_236' title='bbox 1450 3385 1480 3446; x_wconf 90' lang='lat' dir='ltr'><strong>b.</strong></span> <span class='ocrx_word' id='word_1_237' title='bbox 1493 3408 1520 3448; x_wconf 89' lang='lat' dir='ltr'><strong>c.</strong></span> <span class='ocrx_word' id='word_1_238' title='bbox 1534 3387 1591 3447; x_wconf 71' lang='lat' dir='ltr'><strong>cl.</strong></span> <span class='ocrx_word' id='word_1_239' title='bbox 1607 3406 1635 3470; x_wconf 84' lang='lat' dir='ltr'><strong>g.</strong></span> <span class='ocrx_word' id='word_1_240' title='bbox 1646 3383 1677 3447; x_wconf 88' lang='lat' dir='ltr'><strong>h.</strong></span> <span class='ocrx_word' id='word_1_241' title='bbox 1692 3387 1713 3447; x_wconf 92' lang='lat' dir='ltr'><strong>i.</strong></span> <span class='ocrx_word' id='word_1_242' title='bbox 1727 3385 1753 3446; x_wconf 81' lang='lat' dir='ltr'><strong>l.</strong></span> <span class='ocrx_word' id='word_1_243' title='bbox 1769 3391 1790 3448; x_wconf 90' lang='lat' dir='ltr'><strong>l.</strong></span> 
     </span>
    </p>

    <p class='ocr_par' dir='ltr' id='par_1_6' title="bbox 385 3482 1789 3574">
     <span class='ocr_line' id='line_1_26' title="bbox 385 3482 1789 3574; baseline 0.009 -33"><span class='ocrx_word' id='word_1_244' title='bbox 385 3483 455 3565; x_wconf 59' lang='grc' dir='ltr'><strong>Τις.</strong></span> <span class='ocrx_word' id='word_1_245' title='bbox 475 3482 537 3544; x_wconf 82' lang='grc' dir='ltr'><strong>Βιι.</strong></span> <span class='ocrx_word' id='word_1_246' title='bbox 557 3507 582 3546; x_wconf 96' lang='grc' dir='ltr'><strong>ι.</strong></span> <span class='ocrx_word' id='word_1_247' title='bbox 603 3487 727 3550; x_wconf 67' lang='lat' dir='ltr'><strong>Betui.</strong></span> <span class='ocrx_word' id='word_1_248' title='bbox 747 3511 782 3552; x_wconf 83' lang='lat' dir='ltr'><strong>ea</strong></span> <span class='ocrx_word' id='word_1_249' title='bbox 799 3500 820 3550; x_wconf 78' lang='lat' dir='ltr'><strong>t.</strong></span> <span class='ocrx_word' id='word_1_250' title='bbox 835 3509 877 3552; x_wconf 78' lang='lat' dir='ltr'><strong>er.</strong></span> <span class='ocrx_word' id='word_1_251' title='bbox 899 3489 970 3551; x_wconf 87' lang='lat' dir='ltr'><strong>Tur.</strong></span> <span class='ocrx_word' id='word_1_252' title='bbox 993 3491 1077 3556; x_wconf 88' lang='lat' dir='ltr'><strong>Bern.</strong></span> <span class='ocrx_word' id='word_1_253' title='bbox 1091 3513 1115 3557; x_wconf 90' lang='grc' dir='ltr'><strong>ι.</strong></span> <span class='ocrx_word' id='word_1_254' title='bbox 1138 3490 1161 3553; x_wconf 89' lang='lat' dir='ltr'><strong>is</strong></span> <span class='ocrx_word' id='word_1_255' title='bbox 1175 3491 1227 3572; x_wconf 74' lang='lat' dir='ltr'><strong>qui</strong></span> <span class='ocrx_word' id='word_1_256' title='bbox 1241 3494 1378 3574; x_wconf 76' lang='lat' dir='ltr'><strong>sistiquus</strong></span> <span class='ocrx_word' id='word_1_257' title='bbox 1388 3493 1466 3554; x_wconf 85' lang='lat' dir='ltr'><strong>llivii</strong></span> <span class='ocrx_word' id='word_1_258' title='bbox 1481 3491 1564 3552; x_wconf 86' lang='lat' dir='ltr'><strong>liber.</strong></span> <span class='ocrx_word' id='word_1_259' title='bbox 1584 3491 1789 3573; x_wconf 72' lang='lat' dir='ltr'><strong>cons-mgehat</strong></span> 
     </span>
    </p>

    <p class='ocr_par' dir='ltr' id='par_1_7' title="bbox 388 3587 1789 3677">
     <span class='ocr_line' id='line_1_27' title="bbox 388 3587 1789 3677; baseline 0.007 -30"><span class='ocrx_word' id='word_1_260' title='bbox 388 3587 450 3647; x_wconf 75' lang='lat' dir='ltr'><strong>llas.</strong></span> <span class='ocrx_word' id='word_1_261' title='bbox 464 3609 488 3654; x_wconf 93' lang='grc' dir='ltr'><strong>ι.</strong></span> <span class='ocrx_word' id='word_1_262' title='bbox 509 3589 607 3651; x_wconf 79' lang='lat' dir='ltr'><strong>Guetr.</strong></span> <span class='ocrx_word' id='word_1_263' title='bbox 619 3616 649 3674; x_wconf 87' lang='lat'><strong>9.</strong></span> <span class='ocrx_word' id='word_1_264' title='bbox 670 3595 904 3677; x_wconf 72' lang='lat' dir='ltr'><strong>Iugrrrtlwmqua</strong></span> <span class='ocrx_word' id='word_1_265' title='bbox 921 3597 989 3656; x_wconf 84' lang='lat' dir='ltr'><strong>Seu.</strong></span> <span class='ocrx_word' id='word_1_266' title='bbox 1010 3596 1096 3657; x_wconf 85' lang='lat' dir='ltr'><strong>Fabr.</strong></span> <span class='ocrx_word' id='word_1_267' title='bbox 1112 3617 1137 3658; x_wconf 91' lang='grc' dir='ltr'><strong>ι.</strong></span> <span class='ocrx_word' id='word_1_268' title='bbox 1154 3596 1217 3656; x_wconf 81' lang='lat' dir='ltr'><strong>Bar.</strong></span> <span class='ocrx_word' id='word_1_269' title='bbox 1229 3619 1253 3656; x_wconf 93' lang='grc' dir='ltr'><strong>ι.</strong></span> <span class='ocrx_word' id='word_1_270' title='bbox 1268 3617 1372 3658; x_wconf 58' lang='lat' dir='ltr'><strong>macc.</strong></span> <span class='ocrx_word' id='word_1_271' title='bbox 1386 3595 1438 3658; x_wconf 64' lang='lat' dir='ltr'><strong>ilc.</strong></span> <span class='ocrx_word' id='word_1_272' title='bbox 1458 3596 1558 3658; x_wconf 75' lang='lat' dir='ltr'><strong>lleuu.</strong></span> <span class='ocrx_word' id='word_1_273' title='bbox 1577 3597 1658 3658; x_wconf 80' lang='lat' dir='ltr'><strong>l&#39;ret.</strong></span> <span class='ocrx_word' id='word_1_274' title='bbox 1673 3597 1702 3659; x_wconf 76' lang='grc'><strong>3.</strong></span> <span class='ocrx_word' id='word_1_275' title='bbox 1722 3595 1789 3658; x_wconf 73' lang='lat' dir='ltr'><strong>tce.</strong></span> 
     </span>
    </p>

    <p class='ocr_par' dir='ltr' id='par_1_8' title="bbox 386 3691 1788 3786">
     <span class='ocr_line' id='line_1_28' title="bbox 386 3691 1788 3786; baseline 0.009 -36"><span class='ocrx_word' id='word_1_276' title='bbox 386 3691 485 3754; x_wconf 82' lang='lat' dir='ltr'><strong>Goell.</strong></span> <span class='ocrx_word' id='word_1_277' title='bbox 499 3715 524 3760; x_wconf 91' lang='grc' dir='ltr'><strong>ι.</strong></span> <span class='ocrx_word' id='word_1_278' title='bbox 535 3715 564 3756; x_wconf 78' lang='lat' dir='ltr'><strong>a.</strong></span> <span class='ocrx_word' id='word_1_279' title='bbox 577 3719 623 3763; x_wconf 87' lang='grc' dir='ltr'><strong>ιο.</strong></span> <span class='ocrx_word' id='word_1_280' title='bbox 636 3720 682 3759; x_wconf 90' lang='grc' dir='ltr'><strong>ιι.</strong></span> <span class='ocrx_word' id='word_1_281' title='bbox 693 3701 919 3768; x_wconf 82' lang='lat' dir='ltr'><strong>Leid.l.l.Naa.</strong></span> <span class='ocrx_word' id='word_1_282' title='bbox 931 3699 1107 3786; x_wconf 78' lang='lat' dir='ltr'><strong>Pol.a.&#39;l&#39;eg.</strong></span> <span class='ocrx_word' id='word_1_283' title='bbox 1127 3699 1186 3762; x_wconf 80' lang='lat' dir='ltr'><strong>Erl.</strong></span> <span class='ocrx_word' id='word_1_284' title='bbox 1206 3701 1276 3762; x_wconf 84' lang='lat' dir='ltr'><strong>Tur.</strong></span> <span class='ocrx_word' id='word_1_285' title='bbox 1297 3703 1417 3782; x_wconf 75' lang='lat' dir='ltr'><strong>urgebat</strong></span> <span class='ocrx_word' id='word_1_286' title='bbox 1437 3701 1522 3762; x_wconf 82' lang='lat' dir='ltr'><strong>Fabr.</strong></span> <span class='ocrx_word' id='word_1_287' title='bbox 1539 3723 1563 3762; x_wconf 89' lang='grc' dir='ltr'><strong>ι.</strong></span> <span class='ocrx_word' id='word_1_288' title='bbox 1583 3701 1651 3763; x_wconf 76' lang='lat' dir='ltr'><strong>Euo.</strong></span> <span class='ocrx_word' id='word_1_289' title='bbox 1670 3701 1788 3768; x_wconf 77' lang='lat' dir='ltr'><strong>Leidk.</strong></span> 
     </span>
    </p>

    <p class='ocr_par' dir='ltr' id='par_1_9' title="bbox 386 3796 1788 3881">
     <span class='ocr_line' id='line_1_29' title="bbox 386 3796 1788 3881; baseline 0.007 -23"><span class='ocrx_word' id='word_1_290' title='bbox 386 3796 455 3881; x_wconf 66' lang='grc' dir='ltr'><strong>Τις.</strong></span> <span class='ocrx_word' id='word_1_291' title='bbox 473 3797 543 3862; x_wconf 85' lang='lat' dir='ltr'><strong>Tur.</strong></span> <span class='ocrx_word' id='word_1_292' title='bbox 564 3823 676 3866; x_wconf 73' lang='lat' dir='ltr'><strong>mama</strong></span> <span class='ocrx_word' id='word_1_293' title='bbox 694 3805 779 3868; x_wconf 76' lang='lat' dir='ltr'><strong>Fabr.</strong></span> <span class='ocrx_word' id='word_1_294' title='bbox 800 3807 884 3868; x_wconf 84' lang='lat' dir='ltr'><strong>ilem.</strong></span> <span class='ocrx_word' id='word_1_295' title='bbox 901 3828 927 3870; x_wconf 86' lang='grc' dir='ltr'><strong>ι.</strong></span> <span class='ocrx_word' id='word_1_296' title='bbox 947 3806 1047 3867; x_wconf 72' lang='lat' dir='ltr'><strong>Bam.</strong></span> <span class='ocrx_word' id='word_1_297' title='bbox 1060 3806 1089 3879; x_wconf 69' lang='grc'><strong>4.</strong></span> <span class='ocrx_word' id='word_1_298' title='bbox 1109 3806 1161 3869; x_wconf 81' lang='lat' dir='ltr'><strong>Ao.</strong></span> <span class='ocrx_word' id='word_1_299' title='bbox 1180 3808 1247 3868; x_wconf 85' lang='lat' dir='ltr'><strong>Scn.</strong></span> <span class='ocrx_word' id='word_1_300' title='bbox 1269 3805 1372 3868; x_wconf 85' lang='lat' dir='ltr'><strong>Franc.</strong></span> <span class='ocrx_word' id='word_1_301' title='bbox 1392 3807 1451 3868; x_wconf 87' lang='lat' dir='ltr'><strong>inc.</strong></span> <span class='ocrx_word' id='word_1_302' title='bbox 1471 3805 1538 3868; x_wconf 79' lang='lat' dir='ltr'><strong>Ecc.</strong></span> <span class='ocrx_word' id='word_1_303' title='bbox 1551 3806 1648 3869; x_wconf 80' lang='lat' dir='ltr'><strong>Gueli.</strong></span> <span class='ocrx_word' id='word_1_304' title='bbox 1664 3811 1788 3875; x_wconf 78' lang='lat' dir='ltr'><strong>a.3.1o.</strong></span> 
     </span>
    </p>

    <p class='ocr_par' dir='ltr' id='par_1_10' title="bbox 387 3901 1790 3991">
     <span class='ocr_line' id='line_1_30' title="bbox 387 3901 1790 3991; baseline 0.009 -30"><span class='ocrx_word' id='word_1_305' title='bbox 387 3901 456 3967; x_wconf 85' lang='lat' dir='ltr'><strong>Tur.</strong></span> <span class='ocrx_word' id='word_1_306' title='bbox 466 3907 579 3967; x_wconf 85' lang='lat' dir='ltr'><strong>moueri</strong></span> <span class='ocrx_word' id='word_1_307' title='bbox 587 3911 674 3989; x_wconf 85' lang='lat' dir='ltr'><strong>pauci</strong></span> <span class='ocrx_word' id='word_1_308' title='bbox 680 3931 714 3970; x_wconf 86' lang='lat' dir='ltr'><strong>cx</strong></span> <span class='ocrx_word' id='word_1_309' title='bbox 720 3909 802 3972; x_wconf 72' lang='lat' dir='ltr'><strong>Cart,</strong></span> <span class='ocrx_word' id='word_1_310' title='bbox 814 3931 898 3991; x_wconf 82' lang='lat' dir='ltr'><strong>proes.</strong></span> <span class='ocrx_word' id='word_1_311' title='bbox 914 3922 964 3974; x_wconf 78' lang='lat' dir='ltr'><strong>est.</strong></span> <span class='ocrx_word' id='word_1_312' title='bbox 978 3921 1042 3974; x_wconf 80' lang='lat' dir='ltr'><strong>erat</strong></span> <span class='ocrx_word' id='word_1_313' title='bbox 1055 3912 1140 3979; x_wconf 84' lang='lat' dir='ltr'><strong>Rem.</strong></span> <span class='ocrx_word' id='word_1_314' title='bbox 1154 3932 1180 3972; x_wconf 86' lang='lat'><strong>1.</strong></span> <span class='ocrx_word' id='word_1_315' title='bbox 1193 3912 1275 3972; x_wconf 88' lang='lat' dir='ltr'><strong>Leid.</strong></span> <span class='ocrx_word' id='word_1_316' title='bbox 1284 3909 1315 3971; x_wconf 92' lang='lat' dir='ltr'><strong>h.</strong></span> <span class='ocrx_word' id='word_1_317' title='bbox 1328 3911 1408 3974; x_wconf 81' lang='lat' dir='ltr'><strong>verb.</strong></span> <span class='ocrx_word' id='word_1_318' title='bbox 1421 3933 1481 3978; x_wconf 85' lang='lat' dir='ltr'><strong>orn.</strong></span> <span class='ocrx_word' id='word_1_319' title='bbox 1495 3913 1563 3974; x_wconf 82' lang='lat' dir='ltr'><strong>Seu.</strong></span> <span class='ocrx_word' id='word_1_320' title='bbox 1575 3933 1602 3974; x_wconf 85' lang='lat'><strong>1.</strong></span> <span class='ocrx_word' id='word_1_321' title='bbox 1614 3911 1705 3974; x_wconf 83' lang='lat' dir='ltr'><strong>timor</strong></span> <span class='ocrx_word' id='word_1_322' title='bbox 1722 3912 1790 3976; x_wconf 79' lang='lat' dir='ltr'><strong>cui-</strong></span> 
     </span>
    </p>

    <p class='ocr_par' dir='ltr' id='par_1_11' title="bbox 251 4007 1788 4210">
     <span class='ocr_line' id='line_1_31' title="bbox 251 4007 1788 4096; baseline 0.008 -30"><span class='ocrx_word' id='word_1_323' title='bbox 251 4077 255 4087; x_wconf 32' lang='lat'><strong>,</strong></span> <span class='ocrx_word' id='word_1_324' title='bbox 389 4007 433 4067; x_wconf 84' lang='lat' dir='ltr'><strong>mi</strong></span> <span class='ocrx_word' id='word_1_325' title='bbox 445 4018 500 4071; x_wconf 78' lang='lat' dir='ltr'><strong>tm</strong></span> <span class='ocrx_word' id='word_1_326' title='bbox 509 4007 544 4073; x_wconf 71' lang='lat' dir='ltr'><strong>&#39;ex</strong></span> <span class='ocrx_word' id='word_1_327' title='bbox 552 4011 633 4074; x_wconf 85' lang='lat' dir='ltr'><strong>Cort.</strong></span> <span class='ocrx_word' id='word_1_328' title='bbox 648 4013 715 4076; x_wconf 84' lang='lat' dir='ltr'><strong>libri</strong></span> <span class='ocrx_word' id='word_1_329' title='bbox 728 4057 737 4090; x_wconf 87' lang='lat'><strong>,</strong></span> <span class='ocrx_word' id='word_1_330' title='bbox 753 4019 850 4096; x_wconf 77' lang='lat' dir='ltr'><strong>plores</strong></span> <span class='ocrx_word' id='word_1_331' title='bbox 861 4016 1004 4094; x_wconf 66' lang='lat' dir='ltr'><strong>necat,</strong></span> <span class='ocrx_word' id='word_1_332' title='bbox 1022 4019 1156 4080; x_wconf 81' lang='lat' dir='ltr'><strong>deterior.</strong></span> <span class='ocrx_word' id='word_1_333' title='bbox 1179 4015 1237 4077; x_wconf 81' lang='lat' dir='ltr'><strong>Pal.</strong></span> <span class='ocrx_word' id='word_1_334' title='bbox 1259 4015 1434 4078; x_wconf 86' lang='lat' dir='ltr'><strong>Bomuloari</strong></span> <span class='ocrx_word' id='word_1_335' title='bbox 1457 4016 1520 4078; x_wconf 73' lang='lat' dir='ltr'><strong>Bri.</strong></span> <span class='ocrx_word' id='word_1_336' title='bbox 1533 4017 1562 4089; x_wconf 75' lang='lat' dir='ltr'><strong>l.</strong></span> <span class='ocrx_word' id='word_1_337' title='bbox 1576 4025 1609 4080; x_wconf 85' lang='lat' dir='ltr'><strong>ut</strong></span> <span class='ocrx_word' id='word_1_338' title='bbox 1622 4028 1651 4080; x_wconf 84' lang='lat' dir='ltr'><strong>et</strong></span> <span class='ocrx_word' id='word_1_339' title='bbox 1664 4019 1728 4080; x_wconf 83' lang='lat' dir='ltr'><strong>eli&#39;u</strong></span> <span class='ocrx_word' id='word_1_340' title='bbox 1741 4021 1788 4079; x_wconf 89' lang='lat' dir='ltr'><strong>lo-</strong></span> 
     </span>
     <span class='ocr_line' id='line_1_32' title="bbox 387 4113 1787 4210; baseline 0.003 -27"><span class='ocrx_word' id='word_1_341' title='bbox 387 4113 439 4183; x_wconf 68' lang='lat' dir='ltr'><strong>tis·</strong></span> <span class='ocrx_word' id='word_1_342' title='bbox 458 4117 553 4181; x_wconf 77' lang='lat' dir='ltr'><strong>multo</strong></span> <span class='ocrx_word' id='word_1_343' title='bbox 566 4129 721 4182; x_wconf 72' lang='lat' dir='ltr'><strong>wuataot</strong></span> <span class='ocrx_word' id='word_1_344' title='bbox 730 4119 856 4184; x_wconf 76' lang='lat' dir='ltr'><strong>lboaan.</strong></span> <span class='ocrx_word' id='word_1_345' title='bbox 868 4123 987 4194; x_wconf 69' lang='lat' dir='ltr'><strong>l’almer¹</strong></span> <span class='ocrx_word' id='word_1_346' title='bbox 1010 4121 1107 4184; x_wconf 79' lang='lat' dir='ltr'><strong>Guelf.</strong></span> <span class='ocrx_word' id='word_1_347' title='bbox 1118 4141 1164 4185; x_wconf 88' lang='grc' dir='ltr'><strong>ιο.</strong></span> <span class='ocrx_word' id='word_1_348' title='bbox 1184 4120 1311 4200; x_wconf 71' lang='lat' dir='ltr'><strong>saffica</strong></span> <span class='ocrx_word' id='word_1_349' title='bbox 1329 4119 1392 4184; x_wconf 73' lang='lat' dir='ltr'><strong>Bau</strong></span> <span class='ocrx_word' id='word_1_350' title='bbox 1406 4121 1435 4196; x_wconf 72' lang='lat' dir='ltr'><strong>d.</strong></span> <span class='ocrx_word' id='word_1_351' title='bbox 1451 4123 1535 4184; x_wconf 77' lang='lat' dir='ltr'><strong>Bam.</strong></span> <span class='ocrx_word' id='word_1_352' title='bbox 1551 4143 1578 4190; x_wconf 86' lang='lat'><strong>1.</strong></span> <span class='ocrx_word' id='word_1_353' title='bbox 1595 4122 1663 4210; x_wconf 63' lang='grc' dir='ltr'><strong>Τις.</strong></span> <span class='ocrx_word' id='word_1_354' title='bbox 1685 4125 1718 4186; x_wconf 76' lang='lat' dir='ltr'><strong>u&#39;t</strong></span> <span class='ocrx_word' id='word_1_355' title='bbox 1734 4123 1787 4187; x_wconf 81' lang='lat' dir='ltr'><strong>ins.</strong></span> 
     </span>
    </p>
   </div>
   <div class='ocr_carea' id='block_1_6' title="bbox 0 0 1942 4867">
    <p class='ocr_par' dir='ltr' id='par_1_12' title="bbox 0 0 1942 4867">
     <span class='ocr_line' id='line_1_33' title="bbox 0 0 1942 4867; baseline 0 0"><span class='ocrx_word' id='word_1_356' title='bbox 0 0 1942 4867; x_wconf 95' lang='lat' dir='ltr'><strong> </strong></span> 
     </span>
    </p>
   </div>
  </div>
 </body>
</html>
