3850 4867
1459 288 1533 455 2'3

134 513 223 618 tem.¹
256 539 353 613 Nam
372 554 573 643 postquam
598 535 809 644 respublica
833 533 875 612 in
898 555 1110 641 paucorum
1138 530 1353 636 potentium
1382 527 1441 600 ius
1471 537 1528 597 at·-

133 688 207 763 que
227 661 413 737 ditionem
436 664 637 756 concessit3
669 689 815 766 semper
842 660 916 735 illis
949 685 1067 765 reges,
1102 654 1300 732 tetrarehae
1331 646 1537 754 vectigales—

131 809 228 859 esse:
252 785 406 890 populi,
431 785 603 860 nationes
621 785 809 889 stipendia
833 785 1023 890 pendere:
1047 782 1162 857 ceteri
1185 801 1333 867 omnes,
1356 766 1528 860 strenui,

130 907 243 999 boni,
284 908 429 984 nobiles
450 924 564 1010 atque
586 908 791 1012 ignobiles,
826 908 956 1012 volgus
981 906 1152 997 fuimus,
1176 904 1256 1013 sine
1277 898 1416 1006 gratia,
1447 894 1529 969 sine

130 1030 370 1122 auctoritate,
393 1030 454 1105 his
475 1032 645 1121 obnoxii,
670 1032 824 1135 quibus,
848 1033 878 1105 si
899 1031 1112 1135 respublica
1136 1028 1297 1115 valeret,
1331 1018 1530 1099 formidini
1576 1047 1585 1060 ·

129 1179 294 1231 essemus.
331 1158 466 1258 Itaque
482 1155 603 1229 omnis
619 1142 752 1260 gratia,
779 1155 969 1259 potentia,
992 1153 1125 1243 honos,
1148 1151 1291 1226 divitiae
1312 1144 1417 1252 apud
1444 1142 1529 1218 illos

130 1297 238 1370 sunt,
265 1281 419 1354 autulii
446 1279 504 1352 illi
523 1280 681 1354 volunt:
707 1279 816 1353 nobis
832 1279 1018 1380 reliquere
1042 1277 1231 1381 repulsas,
1256 1270 1446 1377 pericula,
1468 1266 1528 1342 iu-

131 1401 251 1493 dicia,
267 1418 474 1508 egestatem.
513 1402 610 1499 Quae
629 1383 827 1506 quousque
851 1401 1006 1477 tandem
1027 1398 1227 1504 patiemini
1249 1391 1454 1470 fortissumi
1474 1390 1530 1467 vi-

131 1525 187 1601 ril
211 1553 344 1602 nonne
365 1525 484 1601 emori
512 1553 581 1629 per
603 1525 784 1601 virtutem
804 1541 973 1630 praestat,
998 1552 1115 1627 quam
1134 1523 1252 1598 vitam
1278 1520 1453 1593 miserem
1474 1531 1532 1589 ut-

131 1675 204 1752 que
225 1647 487 1740 inhonestam,
512 1649 581 1724 ubi
607 1649 740 1724 alienae
767 1650 953 1754 superbiae
976 1647 1146 1723 ludibrio
1177 1645 1309 1735 fueris,
1333 1669 1403 1747 per
1418 1639 1532 1716 dede·

131 1797 193 1846 cus
216 1773 420 1848 amittere?
453 1775 599 1848 Verum
617 1773 722 1848 enim
749 1801 838 1848 vero
870 1800 941 1876 pro
964 1775 1092 1847 Deum
1111 1786 1226 1872 atque
1252 1766 1458 1841 hominum
1486 1763 1531 1838 fi-

132 1893 237 1968 dem!
264 1895 421 1970 victoria
444 1894 486 1969 in
508 1923 627 1974 manu
645 1897 754 1971 nobis
775 1911 849 1988 est;
872 1895 973 2000 viget
992 1912 1099 1984 oetas,
1122 1894 1273 1966 animus
1293 1890 1418 1965 valet:
1439 1914 1530 1964 con·

134 2033 187 2091 tra
204 2017 301 2108 illis,
326 2017 437 2096 annis
454 2033 572 2120 atque
591 2019 751 2109 divitiis,
777 2019 905 2093 omnia
924 2032 1223 2110 consenuerunt3
1247 2029 1399 2088 tantum
1412 2011 1528 2086 modo

135 2141 285 2244 incepto
304 2168 397 2246 opus
419 2157 494 2214 est:
519 2157 643 2215 cetera·
659 2167 715 2215 res
736 2142 916 2245 expediet
941 2141 1095 2214 Etenim
1111 2140 1196 2242 quis
1214 2137 1449 2225 mortalium,
1464 2136 1549 2239 cui,

132 2264 243 2339 virile
265 2265 462 2371 ingenium
479 2263 592 2354 inest,
617 2264 782 2338 tolerare·
795 2281 944 2369 potests
958 2264 1034 2338 illis
1054 2262 1203 2338 divitias
1219 2285 1411 2364 superare,
1434 2283 1528 2363 quas

132 2491 317 2553 iudicemus
332 2512 409 2574 ugr.
424 2491 490 2552 Bas.
503 2513 533 2553 2.
547 2491 576 2564 i.
595 2491 668 2553 Tur.
681 2512 713 2553 2.
728 2495 775 2555 vel
787 2491 971 2553 vindicemus
987 2501 1020 2552 nt
1035 2491 1116 2550 leid.
1128 2513 1155 2551 a.
1165 2490 1195 2548 b.
1210 2513 1235 2550 c.
1249 2490 1278 2550 d.
1290 2510 1320 2550 e.
1327 2491 1348 2549 i.
1359 2512 1388 2573 g.
1401 2487 1438 2550 h.
1451 2509 1531 2570 pau-

133 2615 232 2656 corum
245 2597 417 2678 potentium.
437 2617 539 2658 omnes
549 2597 630 2657 Leid.
643 2606 736 2679 'etque
747 2598 881 2668 Palatini,
892 2599 976 2657 Paris.
990 2597 1051 2656 Erl.
1065 2595 1150 2654 Bern.
1167 2617 1191 2654 ι.
1209 2615 1235 2654 2.
1248 2596 1277 2654 3.
1289 2598 1317 2666 i.
1338 2595 1407 2655 Tur.
1418 2616 1446 2655 2.
1466 2595 1529 2654 Bos.

135 2721 158 2758 ι.
172 2721 199 2760 2.
210 2701 240 2762 3.
250 2702 279 2772 Δ.
301 2700 531 2781 nequewassius
549 2703 854 2762 lectionisverietutem
868 2704 996 2775 notovit,
1006 2700 1088 2760 houd
1098 2699 1188 2759 dubie
1207 2719 1308 2759 omnes
1325 2700 1529 2781 ‹proquoCor-

131 2803 161 2861 tii
176 2803 258 2875 libri,
270 2813 371 2885 praeter
384 2801 496 2866 Febric.
511 2825 536 2863 1.
557 2815 586 2863 et
599 2804 718 2865 Ecoard.
735 2807 786 2886 qui
798 2806 971 2885 potentiam.
990 2805 1103 2866 strenui
1110 2804 1226 2865 nobiles.
1246 2802 1309 2862 Bas.
1324 2827 1349 2864 ι.
1370 2806 1527 2865 Guels.12.

129 2907 233 2988 vulgus
246 2927 354 2969 sumno
373 2908 405 2964 in
423 2907 558 2987 pluribus
568 2908 645 2970 Rivii
662 2920 780 2989 mscrpt.
799 2909 1029 2970 Naz..-Commel.
1050 2931 1090 2969 m.
1103 2930 1158 2969 sec.
1179 2911 1263 2968 Beni.
1279 2930 1303 2967 ι.
1323 2909 1435 2989 volgus.
1455 2909 1526 2969 Tur.

132 3031 158 3071 2.
177 3013 280 3072 tonos.
300 3012 369 3072 Tur.
385 3032 410 3069 ι.
430 3011 514 3071 Bem.
531 3031 558 3072 2.
570 3011 599 3072 3.
619 3013 680 3072 Bas.
696 3034 721 3072 1.
738 3014 901 3090 fortissimi
916 3015 1021 3074 virio
1042 3014 1157 3074 addunt
1174 3017 1306 3094 plerique
1324 3012 1420 3073 Codd.
1434 3015 1526 3086 omit-

130 3117 327 3202 inoffenso.
352 3115 433 3176 Leid.
444 3137 470 3175 e.
485 3122 506 3176 Ι.
521 3139 562 3176 ιιι.
572 3138 603 3176 ιι.
632 3117 698 3177 nob.
712 3117 793 3197 reliq.
805 3138 868 3198 per.
880 3138 939 3200 rep.
968 3119 1030 3178 Bes.
1050 3140 1076 3179 1.
1093 3138 1120 3179 2.
1134 3118 1163 3179 3.
1175 3120 1203 3189 4.
1230 3118 1353 3178 Bau-1.
1369 3138 1395 3178 2.
1423 3138 1527 3180 omnes

130 3219 207 3280 leid.
224 3231 254 3281 et
270 3222 391 3300 plurimi
407 3219 500 3280 Cortii
515 3221 593 3280 libri.
615 3222 681 3280 nob.
699 3221 750 3281 rel.
766 3242 825 3302 rep.
843 3223 913 3282 Tur.
930 3244 957 3282 2.
979 3224 1037 3284 reb.
1052 3225 1119 3283 nob.
1131 3223 1210 3301 reliq.
1219 3243 1282 3301 per.
1311 3221 1389 3284 llirii
1405 3233 1524 3304 mserpt.

129 3324 196 3384 Tur.
214 3345 239 3384 ι.
260 3323 357 3385 Guells
374 3327 401 3384 5.
416 3347 445 3406 9.
467 3325 550 3386 Paris.
570 3325 691 3385 uem-..u
720 3327 786 3385 nob.
798 3347 860 3407 per.
873 3329 924 3388 rel.
940 3349 999 3408 rep.
1027 3329 1086 3386 Erl.
1113 3328 1182 3410 Tcg.
1203 3325 1287 3385 Febr.
1301 3338 1394 3408 uterq.
1414 3327 1481 3387 Son.
1496 3349 1523 3387 2.

131 3428 227 3489 Heuss.
249 3449 307 3510 rep.
321 3430 405 3488 omit.
425 3428 551 3500 Remi.
569 3431 662 3489 velam
677 3430 762 3491 hono
773 3431 910 3492 miserum
931 3442 1017 3511 utque
1036 3431 1234 3491 inlwmstom.
1260 3428 1356 3490 Guelf.
1375 3455 1405 3513 χ.
1424 3433 1454 3492 8.
1478 3454 1523 3493 ιι.

131 3532 223 3614 (gau.
235 3533 303 3611 see.)
326 3535 390 3594 inc.
404 3554 434 3592 1.
447 3533 549 3594 Strur.
562 3535 643 3594 Leid.
655 3519 685 3593 n.
707 3535 791 3594 hone
804 3535 905 3595 otium.
925 3535 986 3594 Bos.
998 3536 1027 3595 3.
1047 3536 1128 3596 Leid.
1138 3536 1217 3596 hm.
1238 3535 1322 3596 Bem-
1331 3536 1360 3597 3.
1371 3537 1453 3598 itone
1465 3537 1524 3599 mi-

130 3657 222 3697 seram
238 3636 292 3697 vit.
322 3635 407 3697 Bern.
424 3657 451 3696 2.
463 3637 571 3714 suteris.
589 3637 650 3697 Bas.
671 3660 696 3698 1.
726 3639 864 3699 caetis.
884 3642 951 3700 Sen.
969 3662 993 3698 ι.
1024 3640 1108 3700 Febr.
1125 3663 1150 3699 ι.
1170 3641 1253 3700 Rem.
1269 3662 1296 3700 2
1318 3661 1422 3703 omnes
1438 3643 1523 3706 Paris

131 3739 187 3802 Eri.
207 3741 275 3825 Teg.
294 3739 364 3801 Tur.
379 3762 412 3801 ι.
426 3739 530 3802 Onon.
545 3741 626 3803 Leid.
638 3747 697 3804 a..l.
717 3742 803 3802 Febr.
832 3745 908 3806 ltu-ii
925 3755 953 3804 et
974 3742 1054 3803 baud
1074 3745 1162 3804 dubie
1175 3746 1263 3806 Pelet.
1282 3747 1415 3823 fimitis.
1436 3753 1523 3833 longe

130 3847 251 3927 plurimi
265 3837 332 3905 libri
340 3843 490 3921 flurimtu
504 3847 601 3925 pauci.
622 3867 715 3908 uranu
728 3849 810 3908 nobis
824 3858 879 3908 est.
903 3851 996 3907 maior
1009 3871 1075 3929 pars
1089 3849 1189 3910 Codd.
1214 3852 1295 3912 uobis
1313 3851 1346 3912 iu
1362 3872 1454 3914 manu
1471 3865 1522 3916 est.

129 3948 208 4008 Leid.
221 3971 248 4010 ιι.
269 3949 354 4009 Bern.
370 3969 394 4006 ι.
412 3969 444 4008 2.
464 3948 561 4010 Guell.
574 3972 607 4010 ι..
620 3949 853 4013 Eocnrd.1niseo;
883 3955 967 4014 Prisc.
983 3955 1029 4014 18.
1044 3975 1090 4035 29.
1118 3976 1185 4037 pag.
1208 3957 1275 4016 260.
1295 3955 1415 4017 EdKr.
1443 3961 1523 4022 vobis
1602 3938 1607 3950 ⁸

129 4059 178 4113 est.
196 4053 277 4113 Leid.
289 4075 315 4113 c.
328 4075 356 4135 g.
378 4053 514 4117 Guell.2.
524 4056 554 4115 6.
573 4055 652 4115 volu's
666 4075 738 4116 esso..
751 4056 810 4115 Erl.
829 4056 886 4116 sila
899 4057 930 4115 ἰιι
944 4078 1045 4134 mariti.
1054 4079 1085 4118 n.
1096 4079 1120 4118 e.
1134 4058 1214 4118 Leid.
1227 4059 1257 4118 d.
1268 4058 1301 4121 b.
1321 4061 1354 4120 in
1364 4083 1404 4122 m.
1414 4063 1471 4124 sita
1481 4073 1522 4126 eti

132 4155 376 4216 stabuletum.
397 4158 525 4218 Roma.
553 4157 586 4218 in
600 4159 742 4220 manibus.
761 4161 823 4220 Bas.
836 4165 923 4222 uest
938 4165 1037 4221 locum
1058 4174 1152 4222 mutat
1167 4164 1262 4223 Guell.
1278 4169 1305 4228 3.
1320 4168 1349 4236 4.
1361 4166 1389 4226 6.
1405 4188 1450 4228 ι2.
1470 4168 1522 4230 iir-

129 4262 309 4340 gmiwnsrt.
325 4261 387 4322 Bes.
402 4283 427 4323 1.
439 4267 467 4326 3.
480 4262 509 4336 4.
528 4263 593 4323 Eil..
608 4261 683 4324 Tur.
692 4284 717 4324 r.
732 4284 765 4324 2.
779 4263 863 4325 Bern.
887 4287 919 4325 ι..
927 4285 954 4326 2.
969 4270 997 4330 3.
1020 4267 1142 4326 lumb.
1154 4289 1180 4330 c.-
1192 4290 1218 4327 e.
1232 4291 1259 4351 g.
1271 4271 1292 4329 i.
1305 4271 1428 4333 k..m..et
1440 4277 1526 4356 plur.
