3850 4867
366 240 392 315 6

364 466 446 517 rem
465 454 503 516 et
515 438 739 544 Pompejum
757 451 796 513 et
815 435 864 513 de
883 434 987 513 bello
1003 430 1271 513 Alexandrino.
1301 436 1424 514 Manu
1440 437 1609 515 secunda
1622 440 1688 517 sed
1706 468 1768 518 ru·

364 557 526 635 oentiori
548 556 770 633 emendatus
794 572 849 631 est
871 554 986 630 libert
1019 552 1150 660 probae
1173 568 1211 631 et
1229 554 1397 660 peeaimae
1417 554 1597 631 lectiones
1621 558 1768 635 mirum

363 674 407 751 in
426 672 586 751 modum
601 674 729 749 mixtae
754 687 854 749 aunt.

445 854 480 921 C.
499 877 524 918 1.
544 856 636 917 bonas
650 866 732 917 artes.
759 875 786 915 ι.
797 864 935 915 secuntur
952 886 973 901 -
986 854 1043 914 tuit
1055 859 1110 931 lus.
1131 852 1161 925 4.
1178 854 1277 935 adept.
1293 856 1359 913 sim.
1383 874 1429 915 ro.
1444 874 1493 915 me
1508 856 1626 917 salsum.
1652 880 1700 919 ιι.
1712 858 1769 918 de-

362 953 433 1017 inde
452 957 587 1014 utretati.
606 958 729 1015 -illum
746 954 813 1013 trib.
830 974 913 1034 prox.
935 953 1030 1018 annia.
1065 964 1112 1024 ι4.
1125 963 1268 1033 precepta
1282 954 1372 1033 patris
1392 954 1461 1014 mei.
1480 986 1502 1003 ··
1519 956 1689 1022 versabitur,
1719 978 1769 1017 20.

362 1055 450 1136 legati
465 1052 666 1113 Romanorum
684 1051 722 1111 ab
738 1049 834 1111 Africa
851 1050 1010 1111 dimersere.
1033 1050 1082 1111 23.
1111 1050 1150 1111 ad
1165 1054 1304 1115 virtutem
1324 1051 1462 1134 erigebat.
1498 1065 1546 1126 24.
1565 1074 1600 1114 ex
1622 1054 1769 1117 manibus.

364 1152 414 1213 25.
425 1151 531 1211 eisdem
545 1152 604 1209 illis
615 1182 634 1197 -
653 1154 744 1211 scelus
758 1148 933 1231 rapiebatur.
956 1170 1006 1230 27.
1024 1158 1066 1209 est
1077 1151 1240 1232 cognitum.
1263 1172 1311 1230 ²9·
1323 1150 1442 1212 Vacam.
1464 1150 1514 1212 do.
1528 1152 1641 1215 invidia
1657 1150 1770 1234 proba-

363 1260 468 1310 rentne
487 1282 506 1295 -
525 1248 681 1309 secessione
695 1260 738 1309 est
754 1267 829 1328 opus
847 1278 867 1294 -
886 1248 963 1306 iuter
983 1245 1078 1307 bonos
1098 1249 1227 1307 amicitia
1250 1251 1440 1330 appellantur
1457 1282 1477 1297 -
1496 1270 1679 1331 quamquam
1700 1272 1769 1333 gra-

363 1348 412 1409 via
432 1350 500 1411 siut.
521 1344 571 1410 55.
585 1348 608 1406 si
622 1366 689 1408 veru
712 1346 846 1427 aperiret.
866 1342 917 1416 54.
931 1364 965 1403 ex
983 1345 1127 1403 concione
1144 1343 1279 1404 discesdt.
1306 1346 1358 1409 55.
1374 1348 1475 1427 paucis
1490 1357 1558 1429 post
1576 1347 1689 1409 diebus.
1718 1350 1769 1432 57.

364 1445 478 1525 aliaque
500 1445 629 1523 incepto.
657 1443 706 1503 58.
732 1442 892 1503 occultiora
916 1442 996 1501 suere
1022 1474 1041 1489 ·
1069 1445 1145 1502 same
1162 1453 1191 1503 et
1207 1442 1283 1503 ferro
1302 1447 1434 1505 clausum
1457 1456 1546 1517 tenet,
1579 1446 1631 1526 59.
1652 1449 1769 1508 animus

364 1546 426 1619 ojus
442 1539 570 1600 ardebat.
600 1539 768 1611 dbauxilia
785 1538 940 1600 mittebant
960 1572 974 1585 -
993 1541 1126 1599 animum
1153 1540 1307 1606 invictum.
1336 1542 1387 1613 44.
1409 1564 1427 1601 a
1443 1543 1545 1623 apurio
1564 1541 1675 1603 Albino
1696 1565 1771 1626 pru·

365 1641 486 1701 consule
507 1670 526 1685 -
557 1640 617 1719 spei
631 1638 725 1697 bonre.
752 1650 803 1718 47.
821 1637 1041 1718 opportunitate
1054 1638 1114 1697 loci
1134 1672 1153 1687 -
1173 1638 1344 1720 frequentia.
1374 1640 1424 1711 48.
1444 1641 1553 1701 deserta
1568 1652 1630 1703 erat
1646 1646 1771 1724 penuria

364 1756 518 1817 aquarum.
539 1736 588 1817 49.
602 1735 742 1797 occultari
757 1744 903 1817 poteraut.
927 1737 975 1801 5ο.
990 1738 1073 1795 collis
1090 1735 1245 1797 haberetur
1262 1758 1350 1818 quam
1372 1739 1470 1818 campi
1488 1739 1612 1799 suerant.
1635 1744 1683 1802 51.
1699 1738 1771 1801 hoe-

365 1842 407 1897 tet
430 1845 459 1894 et
476 1836 551 1897 eires
570 1868 589 1882 -
608 1856 703 1916 neque
720 1836 782 1894 acie
802 1866 821 1881 -
850 1834 882 1893 iu
902 1834 1005 1894 iisdem
1029 1837 1110 1895 locis.
1150 1837 1198 1918 57.
1213 1836 1311 1917 picem
1335 1846 1364 1895 et
1389 1835 1492 1894 taedam
1514 1836 1624 1897 sulfure
1652 1838 1770 1897 mistam

365 1932 490 1993 ardenti.
521 1934 569 1998 60.
583 1936 738 2015 paululum
763 1931 864 1992 modo.
887 1932 936 1992 62.
950 1932 1081 1993 accersiri
1101 1931 1191 2010 jubet.
1222 1932 1271 1993 65.
1294 1934 1371 1993 inter
1390 1930 1483 1993 bonas
1506 1944 1591 2001 artes.
1623 1935 1675 1994 66.
1691 1938 1771 2012 alia,
1889 1987 1890 1998 ,

366 2052 430 2115 quae
443 2052 503 2113 spe.
538 2032 587 2111 67.
604 2032 697 2090 inulte
711 2029 888 2090 obtruncati.
918 2030 967 2111 69.
986 2051 1019 2089 ex
1034 2031 1153 2090 collatio
1171 2040 1241 2089 erat.
1264 2028 1313 2112 73.
1327 2030 1378 2090 aed
1393 2052 1426 2090 ea
1445 2052 1489 2090 res
1508 2032 1612 2091 frustra
1633 2034 1700 2092 fuit.
1722 2046 1771 2115 74ι
1889 2063 1890 2076 .

364 2130 453 2199 ceteri
471 2136 533 2207 ejus
550 2129 656 2187 milites
674 2158 694 2174 -
712 2128 798 2189 tutati
813 2137 891 2186 sunt.
913 2127 962 2208 75.
972 2137 1001 2185 et
1019 2125 1051 2184 id
1064 2126 1210 2208 oppidum
1225 2148 1366 2209 maguum
1384 2138 1446 2187 erat
1463 2162 1482 2175 -
1503 2132 1770 2210 quamplurimum
1889 2127 1890 2222 l

364 2216 447 2309 aquae
463 2237 497 2285 ut
517 2226 638 2307 quisque
656 2257 675 2271 -
696 2246 785 2306 quam
805 2222 918 2303 oppido
939 2224 1104 2303 proximam
1125 2245 1231 2304 aquam
1253 2246 1341 2306 supra
1363 2224 1498 2285 diximus.
1527 2228 1576 2308 76.
1598 2248 1674 2309 opus
1690 2228 1773 2307 jubet
1889 2245 1890 2306 j

254 2343 273 2369 ²
365 2326 514 2385 ministros
534 2325 630 2383 tutari.
654 2346 702 2405 77.
719 2323 849 2404 gnaviter
862 2321 1002 2381 feceruut
1025 2343 1074 2404 79.
1087 2341 1151 2381 eam
1162 2328 1229 2394 grem
1247 2324 1330 2382 locus
1345 2326 1522 2384 ammonuit.
1544 2326 1593 2397 84.
1608 2324 1695 2406 plebe
1712 2329 1773 2387 mi-

364 2425 429 2483 litia
442 2424 565 2486 volenti.
601 2421 651 2479 85.
668 2420 788 2501 posteris
810 2422 912 2478 lumen
939 2428 982 2477 est
1000 2451 1019 2465 -
1040 2417 1209 2478 facundiam
1227 2429 1256 2478 et
1275 2424 1470 2501 compositam
1495 2455 1515 2470 -
1535 2443 1568 2483 ex
1587 2424 1682 2483 animi
1705 2445 1772 2486 aen·

367 2519 459 2579 tentia
479 2552 498 2566 ·
518 2519 705 2591 divitiarum,
728 2538 809 2577 arma
829 2550 847 2563 -
868 2517 1027 2575 temeritate
1053 2515 1162 2574 ducum
1180 2518 1285 2581 attrita.
1327 2516 1539 2590 Quamobrem.
1561 2522 1622 2604 95.
1639 2521 1772 2585 difficilia

366 2616 499 2678 faciundi
522 2618 657 2675 animum
688 2616 783 2677 vertit.
812 2616 862 2694 95.
884 2615 937 2694 qui
957 2614 1006 2676 uti.
1024 2613 1130 2672 milites
1147 2624 1262 2695 cogeret
1280 2646 1300 2661 ·
1318 2636 1356 2675 an
1381 2618 1490 2697 pudent
1512 2640 1551 2679 an
1572 2624 1679 2704 pigeat,
1722 2647 1774 2707 97.

368 2716 502 2776 eunctmi
522 2715 636 2795 accepit
654 2711 778 2772 dubium
798 2745 817 2760 -
837 2719 899 2789 ejus
918 2712 1069 2793 proximos
1088 2709 1244 2783 -aderat,
1268 2714 1352 2775 rietis
1371 2747 1390 2760 -
1409 2714 1616 2777 difficiliorem.
1639 2723 1735 2802 Igitur
1754 2752 1772 2772 .

368 2814 439 2895 quia
460 2832 584 2873 numero
606 2814 713 2891 plures.
748 2812 797 2891 98.
812 2811 921 2871 feroces
935 2830 1003 2870 ersa.
1033 2829 1099 2869 ιοο.
1116 2811 1148 2870 iu
1166 2806 1288 2869 hiberna
1303 2812 1347 2870 uti
1363 2815 1560 2892 proficiscitur
1573 2848 1593 2864 -
1607 2816 1773 2881 diffidentia

367 2910 461 2971 futuri
480 2942 499 2958 ·
519 2911 572 2969 illo
589 2910 719 2989 aliisque.
766 2929 832 2967 ιοι.
847 2907 928 2987 apud
948 2909 1062 2988 primos
1076 2918 1137 2966 erat
1156 2938 1176 2953 -
1195 2928 1263 2967 cum
1281 2908 1416 2987 plurimis
1435 2910 1535 2972 aderat
1553 2945 1573 2961 -
1593 2912 1626 2975 in
1651 2938 1773 2997 percus.

366 3028 424 3070 sos.
449 3028 516 3073 102.
535 3004 713 3088 iugurtham
732 3005 841 3063 Marius
855 3007 1013 3083 expulerat.
1043 3003 1297 3065 103.deiudeiu.
1335 3006 1400 3076 rod.
1415 3012 1533 3090 negotio
1551 3012 1632 3091 quod
1653 3015 1774 3094 incepe-

367 3118 413 3169 rat
432 3139 451 3155 -
470 3106 573 3165 Sillam
588 3103 724 3165 advenire
749 3101 842 3179 jubet,
875 3102 940 3161 105.
954 3100 1115 3163 victoribus
1134 3099 1286 3162 adversum
1308 3123 1367 3166 eos.
1398 3124 1464 3186 ¹⁰7·
1481 3110 1630 3188 optimum
1652 3113 1773 3179 suctum.

372 3226 440 3285 ιο9.
460 3213 575 3264 sanctus
586 3202 645 3276 vir,
667 3200 744 3259 fidus
764 3198 967 3258 internuncius
983 3204 1062 3276 Jurat
1081 3217 1116 3257 ex
1131 3200 1272 3257 sententia
1290 3198 1434 3260 ambobus
1451 3208 1580 3265 -atatim
1599 3228 1649 3268 rex
1668 3210 1711 3271 aic
1726 3214 1774 3270 lo-

371 3302 556 3384 quiincipit.
587 3295 979 3381 110.Jugurtbam'ingredi
997 3296 1102 3354 sinam.
1135 3316 1201 3355 ιιι.
1218 3298 1335 3356 lenitur.
1369 3319 1434 3357 ιιι.
1454 3312 1483 3360 et
1504 3304 1531 3362 ei
1550 3308 1675 3365 nunciat
1692 3339 1711 3354 ·
1729 3328 1774 3369 ae·

370 3409 457 3462 natus
474 3407 526 3457 aut
540 3398 656 3479 populi.
690 3396 755 3462 ιι5.
772 3399 856 3458 vultu
875 3395 1007 3476 corporis
1021 3395 1130 3474 pariter
1145 3404 1232 3475 atque
1250 3396 1351 3454 auimo
1373 3428 1392 3443 -
1412 3396 1553 3460 dicuntur
1570 3402 1738 3483 patefecisse
1755 3437 1773 3454 .

370 3496 524 3559 deductus.
545 3496 606 3556 Per.
631 3507 697 3567 ιι4.
712 3494 818 3576 Illique
833 3512 933 3575 usque.

474 3700 564 3776 God.
585 3699 630 3775 V.
665 3696 875 3772 Membran.
902 3694 1065 3799 scriptus
1102 3721 1206 3769 anno
1232 3696 1516 3772 MCCCLXXX.
1541 3699 1772 3777 Vioentiaea

371 3823 482 3896 Petro
504 3817 552 3893 de
566 3814 769 3905 Dolzunis,
791 3814 832 3888 id
853 3811 961 3917 quod
981 3813 1024 3887 in
1047 3812 1150 3887 calce
1170 3812 1260 3886 libri
1283 3828 1460 3888 notatum
1485 3831 1557 3905 est,
1583 3818 1773 3923 negligen-

373 3954 432 4017 ter
445 3950 641 4024 exaratus,
666 3931 789 4007 multa
808 3931 958 4020 omissa,
982 3928 1106 4003 multa
1119 3956 1189 4033 per
1208 3930 1479 4033 compendium
1498 3933 1657 4037 scriptn3
1681 3935 1773 4041 glos·

372 4078 421 4131 sae
438 4051 573 4160 aaepius
591 4052 632 4125 in
657 4066 801 4127 textum
824 4062 1002 4153 receptae3
1021 4072 1140 4149 quare
1154 4072 1294 4151 paucas
1312 4064 1527 4125 memoratu
1543 4048 1677 4155 dignus
1702 4051 1773 4131 lee-

374 4172 494 4249 tiones
519 4168 671 4246 notabo
