3850 4867
1480 345 1552 423 -161

149 499 241 592 rum
278 543 335 596 res
369 518 537 624 fidesque
562 520 605 595 in
631 520 810 596 manibus
832 520 914 596 sitae
930 535 1067 611 erant,
1093 513 1233 598 relictis
1260 507 1456 628 operibus,
1483 525 1558 609 fie·

147 658 380 743 quentarent
402 645 594 734 Marium,
623 661 661 717 et
677 669 745 718 sua
771 645 976 719 necessaria
1001 649 1087 748 post
1105 646 1208 720 illius
1241 645 1427 722 honorem
1444 649 1560 726 duoe-

144 782 242 840 rent
279 770 354 857 lta,
378 769 551 872 perculsa
572 768 790 856 nobilitate,
816 783 901 871 post
928 769 1068 844 multas
1103 785 1336 872 tempestates
1364 798 1462 846 novo
1484 771 1555 849 ho·

142 890 242 964 mini
266 893 484 967 consulatus
514 891 721 966 mandatur
727 923 738 984 3
762 907 801 966 et
823 908 952 996 postea
983 893 1150 996 populus
1181 893 1399 970 a'Tribuno
1432 894 1553 1000 plebis

140 1013 303 1110 Manlio,
316 1015 500 1090 Mancino
528 1031 695 1121 rogatus,
721 1005 837 1115 wem
853 1015 974 1090 ‘vellet
990 1037 1090 1092 'cum
1104 1015 1296 1121 iugurtha
1319 1017 1467 1093 bellum
1490 1046 1551 1124 ge-

133 1143 251 1215 rere?
282 1139 461 1248 frequens
487 1138 796 1215 Mariumiussit
835 1138 909 1214 Sed
940 1140 1100 1216 Senatus
1122 1141 1365 1243 paulloante
1394 1143 1550 1221 Metello

138 1262 383 1339 decreverat:
408 1242 527 1339 earet
549 1253 689 1338 ¹frustra
713 1262 797 1340 fuit
835 1263 980 1339 Eodem
1005 1280 1174 1369 tempore
1186 1264 1388 1370 Iugurtha,
1407 1267 1548 1344 amissis
1558 1279 1597 1360 74

138 1388 288 1478 amicis,
312 1414 480 1492 quorum
496 1387 695 1492 plerosque
717 1387 795 1492 ipse
825 1404 1047 1479 necaverat,
1069 1388 1183 1464 ceteri
1212 1389 1436 1483 formidine,
1458 1417 1547 1494 pars

138 1511 187 1586 ad
203 1513 413 1602 Romanos,
437 1493 504 1587 alii
531 1512 581 1586 ad
609 1538 733 1616 regem
759 1509 952 1588 Boecbum
978 1512 1242 1616 profugerant,
1269 1541 1391 1616 quum
1421 1542 1547 1620 neque

138 1635 288 1710 bellum
309 1636 387 1741 geri
413 1637 494 1710 sine
525 1635 757 1727 administris
781 1652 919 1738 posset,
946 1653 984 1712 et
1008 1633 1197 1712 novorum
1224 1637 1338 1712 fidem
1367 1638 1410 1713 in
1438 1655 1544 1716 tanta

137 1758 300 1861 pertidia
327 1776 500 1834 veterum
526 1758 690 1862 experiri
718 1759 975 1862 periculosum
1006 1760 1186 1850 duceret,
1211 1759 1337 1836 varius
1363 1761 1545 1839 incertus·

137 1909 213 1984 que
226 1863 230 1867 ’
245 1880 471 1986 agitabatur.
513 1881 732 1983 Neque‘illi
749 1884 833 1974 rm,
857 1909 982 1985 neque
1010 1883 1212 1958 consilium
1239 1899 1307 1958 aut
1338 1885 1543 1988 quisquam

131 2003 343 2081 bominum
358 2006 446 2079 satis
467 2004 661 2107 placebat:
677 2004 814 2079 itinera
833 2004 1105 2108 praefectosque
1122 2007 1164 2081 in
1181 2005 1259 2082 dies
1278 2023 1445 2084 mutare:
1462 2039 1542 2087 mo·

138 2128 187 2204 do
212 2128 418 2206 advorsum
441 2126 585 2218 hostes,
622 2127 819 2203 interdum
842 2129 893 2203 ‘in
917 2129 1141 2205 solitudines
1170 2155 1350 2236 pergere:
1374 2156 1471 2237 soepe
1498 2135 1540 2213 in

132 2322 195 2386 Sed
213 2333 331 2386 senaim
344 2323 434 2406 poulo
449 2333 518 2384 onte
534 2323 652 2384 Metello
670 2301 848 2384 Numidiam
862 2325 1038 2384 memorat.
1059 2322 1121 2384 brec
1134 2333 1178 2384 est
1195 2326 1311 2406 vulgata
1324 2327 1412 2386 lectio
1416 2366 1428 2399 ,
1448 2349 1537 2409 quam

138 2433 222 2490 etiam
241 2430 359 2503 Rivius,
387 2428 542 2505 Gruterus,
562 2429 690 2490 Wassius
709 2429 899 2488 retinuerunt.
927 2427 1053 2488 Numid.
1069 2428 1187 2489 Metello
1215 2427 1277 2488 Bas.
1298 2429 1327 2500 d.
1362 2429 1538 2494 Numidiam

135 2534 321 2614 procinctum
339 2535 436 2614 plures
443 2531 521 2592 Edit.
540 2534 599 2593 inc.
612 2553 639 2592 a.
659 2533 743 2592 Rem.
755 2553 781 2591 1.
801 2532 881 2594 Vrat.
892 2551 920 2592 a.
941 2532 1038 2592 Guell.
1049 2533 1078 2592 6.
1090 2551 1179 2612 9.·ιο.
1191 2552 1237 2592 12.
1257 2536 1346 2594 Palat.
1363 2536 1391 2596 5.
1401 2535 1429 2596 8.
1450 2540 1537 2599 ceteri

137 2640 212 2701 raris
221 2639 352 2700 turbant.
371 2657 453 2719 prou.
467 2637 559 2697 Num.
578 2637 638 2696 Erl.
658 2639 709 2696 sed
716 2637 817 2717 paullo
827 2639 1120 2698 decrmerotsenotus
1139 2636 1224 2698 Bern.
1240 2637 1268 2698 3.
1289 2640 1341 2700 ssd
1356 2659 1415 2701 ssu.
1435 2645 1536 2724 paullo

137 2744 217 2806 decio
231 2747 314 2805 decr.
334 2743 448 2822 Fabrie.
468 2742 567 2802 Guell.
579 2762 604 2805 1.
624 2741 692 2822 Teg.
711 2741 808 2801 Turic.
829 2741 870 2800 ita
887 2750 916 2801 et
932 2740 1028 2801 Gnelfi
1042 2759 1069 2800 a.
1097 2743 1121 2801 is
1133 2761 1203 2805 vero
1218 2751 1252 2800 ut
1268 2742 1365 2804 Guelf.
1376 2765 1403 2805 a.
1429 2745 1491 2808 Bas.
1508 2771 1533 2810 1.

138 2847 234 2910 lleuss.
251 2850 338 2912 Rem.
351 2869 378 2909 2.
398 2856 514 2910 sumtus
529 2847 637 2907 omisit.
656 2846 716 2905 sed.
730 2864 791 2905 sen.
806 2844 909 2924 purello
920 2846 1002 2905 decr.
1020 2846 1094 2905 Vin.
1108 2842 1133 2905 i.
1154 2847 1193 2904 its
1206 2856 1234 2905 et
1246 2846 1314 2906 Son.
1326 2868 1354 2907 a.
1382 2851 1432 2910 sed
1445 2853 1535 2931 poul-

138 2953 195 3014 lum
205 2956 291 3038 legit,
305 2965 339 3014 ut
350 2954 450 3014 Henss.
461 2963 490 3013 et
504 2952 589 3011 Rem.
602 2969 630 3010 a.
650 2950 702 3009 ssd
717 2968 776 3009 sou.
792 2949 893 3034 paullo
910 2957 977 3029 post
996 2947 1142 3008 Commel.
1161 2949 1325 3030 teuperto
1346 2961 1414 3019 onte
1428 2954 1535 3018 Matel-
1614 2937 1618 2943 ¹

137 3057 197 3118 hum
213 3061 382 3124 &werdt
400 3058 496 3118 Strur.
517 3054 602 3116 Bern.
618 3074 643 3112 ι.
668 3055 719 3114 scd
732 3053 833 3134 puato
852 3054 931 3113 decr.
952 3052 1013 3112 Bas.
1032 3074 1057 3113 1.
1076 3052 1145 3118 Nau.
1167 3073 1206 3112 m.
1214 3074 1261 3134 pr.
1281 3057 1331 3115 alii
1348 3067 1533 3121 tantummo-

138 3163 285 3248 ‹lopauca
305 3161 394 3227 verba
412 3159 578 3241 etquidem
599 3159 726 3218 maxime
747 3167 864 3218 seramus
884 3167 913 3216 et
929 3155 1106 3218 Numidiam
1122 3167 1326 3238 transponunt.
1354 3160 1532 3226 Numidiam

138 3287 194 3331 om.
211 3289 246 3330 ox
261 3266 379 3328 Gruten‘
395 3264 477 3325 libris
494 3263 595 3323 Nazar.
615 3261 762 3323 Commcl.
781 3261 870 3323 Palat.
881 3261 910 3323 3.
920 3247 949 3333 l..
959 3263 989 3322 6.
1000 3285 1027 3344 7.
1036 3283 1066 3343 9.
1078 3262 1200 3340 fnestra
1209 3271 1273 3324 crat
1292 3261 1377 3326 Febr.
1397 3265 1466 3326 Tur.
1565 3261 1568 3270 '

215 3395 289 3477 Cap.
305 3394 354 3477 74.
373 3393 502 3453 Boreum
520 3390 639 3451 Vesta.
659 3391 754 3452 Strur.
775 3388 864 3452 Acsd.
892 3390 990 3451 Guell.
1009 3411 1036 3452 2.
1067 3409 1262 3472 novorumque
1285 3394 1325 3454 sic
1340 3392 1478 3456 Gruterus
1496 3417 1531 3458 ox

138 3501 339 3585 antiquissimis
351 3498 472 3560 flavere.
488 3493 715 3556 adsentientibus
731 3493 870 3555 omnibus
883 3496 943 3556 fere
959 3495 1041 3555 Leid.
1062 3503 1090 3555 st
1106 3514 1248 3558 nouorum
1268 3508 1369 3560 omues
1385 3500 1443 3560 lere
1453 3499 1531 3562 Gor·

138 3609 180 3680 ut,
198 3606 320 3668 1aid.c.
339 3602 443 3664 Wassii
460 3599 649 3673 libri,tnostri
665 3618 768 3658 omnes
782 3608 885 3679 preter
898 3597 983 3659 Bern.
998 3619 1025 3660 1.
1045 3607 1147 3664 stom.
1164 3600 1311 3661 Fabrici.
1326 3601 1423 3668 Gaell.
1435 3626 1460 3663 ι.
1481 3626 1530 3666 rs·

139 3713 254 3772 cantior.
262 3709 388 3770 Grutcri.
404 3706 488 3766 Rern.
502 3725 528 3763 ι.
548 3712 577 3763 et
590 3723 658 3764 cum
674 3723 775 3765 novor.
796 3701 857 3762 Bas.
867 3704 895 3775 l.
916 3703 996 3763 Leid.
1006 3707 1039 3764 a.
1058 3700 1159 3764 varim
1173 3704 1353 3785 incertusque
1365 3707 1539 3786 Riviitibri,

79 3843 86 3848 ·
139 3816 279 3880 Commel.
298 3815 398 3874 Nazar-
418 3820 525 3871 veteres
541 3808 618 3885 Edit.
638 3809 725 3888 pauci
747 3806 851 3873 Cottii.
871 3807 1024 3872 leidae.
1035 3807 1064 3867 d.
1079 3828 1104 3868 e.
1116 3810 1135 3866 f.
1145 3829 1174 3890 g.
1186 3809 1207 3874 i.
1221 3812 1243 3869 l.
1256 3832 1297 3870 m.
1325 3809 1409 3872 Bem.
1420 3811 1450 3874 3.
1475 3835 1530 3876 vo·

141 3922 378 3997 assumamusque
395 3916 502 3977 Vina.
521 3913 617 3973 Sonat.
637 3913 736 3972 lleuss.
757 3910 845 3999 dead.
866 3911 929 3972 Bas.
942 3902 968 3970 r.
990 3911 1102 3974 Fabric.
1123 3912 1260 3988 cnuti.
1272 3913 1336 3976 md.
1348 3934 1450 3996 vagus
1468 3918 1527 3979 inc.

138 4027 242 4093 Vsus.
262 4027 322 4086 inc.
339 4023 435 4100 Struu
447 4019 528 4082 Vrat.
544 4022 571 4082 ὃ.
592 4018 676 4076 Rem.
696 4037 722 4076 1.
750 4015 848 4086 ΒΜ.
867 4015 938 4076 'l'un
959 4015 1064 4078 Franc.
1083 4015 1150 4079 Ecc.
1171 4015 1527 4102 Guelb4.9.1o.11.12.

139 4128 369 4191 temtum.
390 4126 477 4185 Palat.
495 4128 522 4188 3.
538 4133 566 4182 et
587 4122 637 4181 alii
658 4122 770 4202 aliquot
785 4139 819 4180 ex
832 4117 921 4182 Palas
941 4121 1073 4202 quinque
1087 4119 1200 4182 Wassii.
1228 4121 1360 4201 affiatu
1381 4124 1528 4189 Commel.

142 4234 383 4298 subnotante.
402 4228 553 4309 quisquam
569 4224 701 4288 omnium
721 4223 818 4285 Guelf.
832 4222 862 4286 ὅ.
873 4245 900 4307 7.
911 4245 942 4306 9.
967 4222 1018 4285 Ac.
1043 4223 1128 4284 Febr.
1147 4224 1215 4307 Teg.
1235 4226 1303 4291 Tur.
1324 4228 1429 4296 Struu.⁸
1440 4231 1524 4294 Rem.

968 4379 1121 4434 ‚21
