3850 4867
372 248 394 297 2

370 424 527 527 scripta,
552 424 601 499 ab
623 422 730 501 Italis
754 424 965 533 imprimis,
992 454 1160 532 quorum
1178 452 1293 533 opera
1314 442 1353 504 et
1373 427 1546 505 studium
1561 424 1637 505 bae
1662 428 1705 505 in
1728 454 1776 504 re

370 542 608 645 potissimum
636 559 811 617 versatur.
860 544 953 637 Sed,
977 546 1082 648 quod
1103 546 1266 619 maxime
1290 546 1454 631 mireris,
1480 574 1585 637 vasa,
1607 574 1692 651 quac
1718 547 1774 623 ad

370 656 621 733 domesticum
648 658 734 732 vitae
761 658 911 734 cultum
934 677 973 735 et
994 660 1045 735 ad
1066 660 1251 743 sacrificia
1274 663 1490 763 pertinent,
1513 690 1619 737 arma
1640 680 1777 767 prsete-

369 800 453 863 rea,
488 800 673 850 mensurae
700 775 899 879 multaque
935 777 1010 852 alia
1039 776 1239 865 utensilia,
1274 776 1317 850 in
1342 778 1612 882 Pompeiorum
1649 779 1777 854 ruinis

370 890 519 981 effossa,
553 919 719 993 quorum
749 893 963 967 accuratior
1000 890 1167 997 cognitio
1192 907 1312 965 totam
1338 892 1415 969 lere
1439 895 1558 970 vitam
1581 896 1778 1001 privatam

370 1005 621 1109 antiquorum
634 1008 868 1112 populorum
884 1009 1025 1112 aperit,
1042 1035 1150 1111 paene
1171 1008 1220 1082 ab
1239 1008 1416 1083 omnibus
1435 1008 1563 1113 jacent
1575 1027 1778 1115 contemp-

370 1137 417 1197 ta.
443 1124 541 1199 Nam
552 1125 830 1214 commentarii,
841 1124 933 1199 olim
941 1123 1002 1199 his
1015 1125 1062 1199 de
1078 1126 1189 1199 rebus
1200 1126 1426 1228 conscripti,
1441 1127 1652 1231 imperfecti
1665 1155 1776 1202 man-

245 1284 247 1289 ·
368 1256 511 1314 serunt.
543 1242 675 1343 Neque
703 1241 772 1342 qui
799 1242 1020 1344 nuperrime
1051 1240 1094 1314 in
1128 1239 1252 1314 lucem
1279 1258 1371 1315 sunt
1393 1243 1498 1337 editi,
1533 1245 1586 1318 ita
1620 1272 1776 1347 compa-

370 1355 444 1429 rati
472 1381 547 1430 esse
580 1355 781 1447 videntur,
815 1372 860 1430 ut
899 1356 1082 1430 latiorem
1120 1382 1225 1460 spem
1258 1356 1304 1431 de
1340 1357 1385 1431 iis
1422 1359 1623 1462 concipere
1651 1360 1777 1434 liceat.

369 1470 514 1548 Eadem
531 1471 607 1548 lere
627 1473 805 1548 codicum
827 1473 1198 1576 manuscriptorum
1217 1487 1272 1547 est
1293 1472 1400 1547 ratio.
1439 1476 1647 1550 Maximam
1668 1475 1775 1550 enim

369 1606 520 1692 partem
542 1605 611 1663 aut
632 1590 768 1663 intacti
794 1590 836 1664 in
860 1588 1103 1665 bibliothecis
1129 1589 1303 1678 latitant,
1328 1606 1498 1665 autnon
1520 1618 1582 1682 ea,
1607 1620 1684 1695 qua
1702 1619 1776 1695 par

371 1722 446 1795 est,
470 1705 667 1810 diligentia
687 1733 776 1780 cum
796 1705 1030 1781 editionibus
1052 1705 1326 1780 recentioribus
1346 1706 1474 1780 collati
1496 1724 1595 1781 sunt
1639 1712 1776 1810 ltaque

372 1818 447 1895 hoc
476 1821 517 1895 in
540 1846 675 1925 genere
697 1822 950 1918 amplissimus
972 1838 1078 1926 patet
1100 1820 1224 1895 laudis
1250 1838 1288 1895 et
1311 1821 1440 1926 glorioe
1460 1849 1625 1925 campus.
1676 1826 1775 1899 Nam

370 1936 481 2040 longe
511 1937 671 2040 plurimi
700 1936 1024 2012 bibliothecarum
1054 1935 1243 2041 preelecti,
1279 1964 1428 2011 summa
1457 1938 1685 2014 liberalitate
1714 1940 1775 2014 vel

369 2054 651 2157 antiquissimos
676 2053 820 2128 codices
847 2081 868 2127 a
898 2051 1057 2127 literatis
1088 2050 1311 2127 hominibus
1336 2053 1472 2156 inspici
1501 2071 1539 2128 et
1564 2054 1775 2129 examinari

369 2170 596 2273 patiuntur,
612 2186 665 2259 et,
682 2187 872 2272 quantum
892 2170 933 2243 in
953 2170 999 2243 iis
1018 2185 1088 2258 est,
1113 2170 1257 2274 legibus
1274 2168 1422 2258 severis,
1449 2176 1525 2261 (ne
1547 2170 1673 2245 dicam
1688 2196 1776 2275 per-

370 2286 509 2385 versis)
535 2311 621 2388 quae
643 2286 690 2359 dc
710 2284 951 2360 bibliothecis
971 2286 1126 2359 sancitoe
1144 2301 1254 2373 sunt,
1279 2300 1474 2359 extraneos
1493 2286 1665 2379 solvunt;
1689 2311 1776 2389 quae

371 2401 529 2503 quidem
549 2402 741 2506 praecipua
764 2402 846 2476 laus
875 2418 929 2476 est
955 2402 1126 2475 virorum
1151 2400 1446 2475 clarissimorum
1471 2401 1705 2506 Bentivoglio
1736 2418 1777 2477 et

371 2517 510 2607 bettio,
536 2518 605 2619 qui
622 2515 863 2591 bibliothecis
879 2518 1089 2592 Mediolani
1108 2535 1146 2592 et
1160 2518 1328 2594 Venetiis
1347 2533 1533 2621 praesunt,
1559 2518 1700 2620 quibus
1714 2544 1777 2592 me
1897 2565 1900 2616 J

371 2633 587 2738 plurimum
615 2634 752 2709 debere
773 2634 936 2738 ingenue
963 2632 1164 2736 profiteor3
1189 2631 1425 2735 eandemque
1453 2633 1675 2707 facilitatem
1701 2632 1775 2708 viri
1898 2642 1899 2671 ¹

372 2749 590 2840 clarissimi,
618 2746 793 2854 Peyron,
814 2754 992 2855 Augustae
1022 2750 1282 2844 Taurinorum
1302 2750 1369 2824 alii
1393 2749 1536 2853 experti
1557 2765 1656 2824 sunt

472 2865 602 2963 Quare
624 2865 974 2971 peregrinantibus,
1006 2867 1075 2968 qui
1096 2866 1295 2940 literarum
1320 2864 1543 2939 Graecarum
1568 2882 1684 2968 atque
1704 2866 1776 2939 La-

374 2982 544 3058 tinarum
572 2982 700 3058 studio
730 2982 987 3072 delectantur,
1021 2980 1081 3056 his
1111 2981 1159 3058 de
1187 2981 1305 3060 literis
1335 2982 1478 3084 optime
1512 2980 1649 3055 mereri
1676 2979 1775 3054 licet

372 3101 469 3174 Nam
489 3099 716 3175 lectionibus
739 3096 793 3173 ex'
810 3098 955 3201 optimo
983 3124 1138 3200 quoque
1159 3097 1289 3172 codice
1310 3097 1554 3201 colligendis,
1580 3096 1631 3170 ad
1649 3122 1777 3173 emen-

352 3202 519 3291 dandos
539 3217 738 3320 scriptores
759 3214 928 3289 multum
953 3214 1126 3289 conferre
1144 3229 1311 3317 possunt.
1362 3214 1445 3287 Hoc
1465 3213 1622 3315 quidem
1644 3228 1691 3286 ut
1712 3214 1779 3287 Sa·

372 3330 487 3409 lustio
503 3332 638 3433 utique
657 3333 910 3438 contingeret,
931 3330 1145 3433 plurimum
1170 3355 1293 3433 operae
1312 3329 1410 3403 dedi.
1440 3332 1500 3402 De
1520 3355 1597 3430 quo
1619 3327 1778 3431 quidem

373 3448 500 3525 studio
522 3464 568 3521 ut
595 3447 846 3552 intelligentes
869 3447 1019 3521 facilius
1037 3445 1228 3549 judicium
1255 3444 1415 3534 faciant,
1439 3444 1666 3533 lectionum,
1683 3468 1778 3546 quas
1900 3519 1901 3534 ,

374 3592 420 3639 ex
442 3564 636 3640 codicibus
659 3565 823 3671 amplius
846 3563 1038 3668 octoginta
1063 3562 1260 3666 excerpsi,
1294 3560 1618 3665 praestantissimas
1638 3585 1778 3663 propo-
1900 3569 1901 3598 ¹

376 3707 468 3756 nam
489 3680 587 3778 etde
603 3680 772 3783 ipsorum
790 3680 968 3754 codicum
984 3679 1214 3781 antiquitate
1235 3693 1274 3753 et
1290 3677 1462 3750 bonitate
1479 3676 1644 3749 breviter
1659 3702 1778 3779 agam.
1900 3707 1901 3774 j

376 3798 507 3905 Neque
528 3797 661 3884 timeo,
678 3824 727 3870 ne
745 3795 906 3871 levitatis
918 3795 1172 3902 suspicionem
1190 3794 1400 3881 incurram,
1418 3792 1523 3895 quod
1540 3792 1689 3892 aliquot
1703 3790 1780 3865 lec·
1900 3861 1901 3874 ,

377 3913 517 4004 tiones,
543 3940 564 3987 a
586 3938 646 3991 me
668 3913 709 3986 in
730 3928 876 3986 textum
896 3927 1081 4017 receptas,
1103 3910 1282 4013 rejiciam.
1310 3911 1408 3984 Cum
1429 3908 1533 3983 enim
1556 3904 1660 3981 hanc
1680 3904 1778 3982 mihi
1900 3961 1901 3964 ,

375 4030 495 4135 legem
518 4028 798 4133 imposuissem,
823 4042 867 4101 ut
885 4027 1013 4103 invitis
1033 4026 1229 4102 codicibus
1253 4024 1477 4130 paucissima
1503 4038 1712 4113 mutarem,
1739 4036 1780 4098 et
1900 4065 1901 4072 κ

376 4174 462 4255 quae
481 4148 583 4225 salvo
604 4170 717 4222 sensu
731 4144 822 4221 ferri
851 4170 958 4250 posse
977 4144 1219 4236 viderentur,
1239 4141 1389 4254 'utique
1407 4138 1670 4230 defenderem,
1698 4136 1779 4245 jam
