3850 4867
395 272 465 373 1³4

384 455 526 537 darum
545 451 731 543 infidum,
743 447 896 556 ingenio
913 447 1067 539 mobili,
1083 448 1417 526 novarum'mrum
1437 447 1593 528 avidum
1604 477 1685 532 esse
1705 455 1784 532 Ita-

383 605 461 686 que
482 575 622 683 legatos
636 575 759 652 alium
773 575 823 650 ab
841 573 917 650 alio
934 570 1101 652 divorsos
1117 571 1355 679 adgmditur3
1377 599 1423 648 ac
1438 575 1643 678 paullatim
1661 594 1783 684 temp-

385 701 528 792 undo,
543 716 745 806 postquam
762 713 997 804 opportunos
1013 695 1087 774 sibi
1105 697 1300 802 cognorit,
1317 697 1439 774 multa
1457 697 1674 804 pollicendo
1695 730 1783 806 per·

383 824 541 915 madet,
562 823 621 900 uti
640 821 867 928 Iugurtham
893 821 1246 913 maxumerirum,
1267 821 1327 899 sin
1353 821 1395 898 id
1414 847 1554 928 parum
1576 825 1787 931 procedat,

385 963 567 1028 necatam
582 945 655 1023 sibi
678 947 873 1022 traderent
893 976 902 1018 ε
925 959 1094 1022 ceterum
1110 943 1257 1050 palam,
1276 969 1363 1049 quse
1376 971 1423 1022 cx
1435 943 1632 1027 voluntate
1641 947 1786 1040 forent,

386 1072 469 1176 regi
495 1072 682 1147 nunciare
711 1069 827 1145 iubet.
875 1067 1029 1144 Deinde
1058 1067 1138 1173 ipse
1160 1066 1290 1172 paucis
1315 1067 1471 1159 diebus,
1495 1070 1642 1148 intento
1668 1090 1788 1177 atquc

387 1193 524 1271 infesto
540 1192 725 1280 exercitu,
742 1189 784 1266 in
806 1189 1028 1266 Numidiam
1045 1190 1218 1294 procedit
1238 1222 1247 1266 ε
1271 1190 1340 1266 uhi
1362 1208 1496 1269 contra
1517 1191 1608 1268 belli
1630 1192 1788 1286 famem,

381 1316 539 1422 tuguria
556 1314 671 1418 plena
692 1311 915 1402 hominum,
934 1337 1071 1417 pecora
1089 1311 1327 1416 cultoresque
1346 1314 1387 1390 in
1402 1315 1499 1418 agris
1517 1331 1642 1392 crant:
1655 1345 1701 1393 ex
1719 1345 1790 1424 op·

386 1439 487 1545 pidis
512 1454 552 1514 ct
575 1435 789 1542 mapalibus
804 1433 972 1537 praefecti
993 1434 1100 1538 Regis
1128 1433 1231 1510 obvii
1263 1437 1536 1542 procedebant,
1561 1441 1686 1545 parati
1706 1442 1792 1520 fru-

386 1577 561 1638 mentum
576 1559 684 1650 darc,
704 1572 960 1636 commeatum
981 1573 1155 1661 portare,
1179 1575 1367 1662 postremo
1391 1561 1541 1651 omnia,
1562 1587 1649 1666 quaa
1669 1564 1791 1671 impe·

387 1699 588 1776 rarentur,
619 1682 751 1760 facere.
799 1682 931 1784 Neque
946 1680 1123 1756 Metellus
1146 1680 1289 1758 idcirco
1304 1684 1455 1775 minus,
1483 1685 1548 1761 scd
1574 1687 1720 1792 pariter
1743 1717 1790 1766 ac

387 1808 420 1886 si
442 1806 565 1884 hostes
586 1806 775 1894 adessent,
788 1803 942 1879 munito
966 1802 1117 1909 agmine
1136 1803 1325 1898 incedere,
1347 1807 1423 1884 late
1439 1808 1635 1914 explorare
1654 1815 1788 1888 omnia

389 1931 456 2008 illa
479 1930 683 2008 deditionis
700 1928 806 2034 signa
826 1926 991 2003 ostentui
1020 1927 1189 2018 credere,
1215 1944 1254 2006 et
1277 1929 1423 2006 insidiis
1447 1930 1574 2008 locum
1594 1915 1791 2040 temptare.

389 2058 526 2157 Itaque
548 2054 626 2158 ipse
645 2079 735 2127 cum
755 2048 936 2154 expeditis
956 2048 1198 2141 cohortibus,
1218 2051 1310 2128 item
1340 2051 1586 2133 funditorum
1609 2073 1649 2134 et
1677 2062 1791 2167 sagit·
1896 2093 1897 2102 ¹

391 2178 578 2256 tariorum
605 2174 749 2251 delecta
779 2199 900 2248 manu
918 2171 1023 2276 apud
1040 2173 1182 2276 primos
1202 2189 1302 2270 erat3
1319 2175 1361 2251 in
1381 2193 1569 2282 postremo
1589 2182 1629 2258 C.
1643 2184 1793 2262 Marius

389 2301 535 2407 legatus
559 2325 650 2376 cum
686 2297 879 2402 equitibus
911 2295 1072 2372 curabat
1099 2329 1107 2370 ε
1132 2296 1175 2372 in
1199 2313 1409 2403 utrumque
1440 2301 1540 2378 latus
1569 2306 1791 2385 auxiliarios

388 2423 537 2528 equites
564 2421 728 2500 tribunis
760 2419 955 2524 legionum
978 2433 1018 2496 et
1046 2419 1230 2522 prefectis
1262 2419 1478 2501 cohortium
1509 2423 1797 2533 dispertiverat,

391 2563 439 2626 ut
452 2541 614 2622 cumbis
627 2543 806 2648 permixti
822 2542 969 2631 velites,
987 2567 1231 2646 quocumque
1248 2546 1481 2638 accederent,
1494 2550 1686 2654 equitatus
1703 2553 1791 2632 hos.

395 2669 495 2744 tium
531 2665 808 2772 propulsarent.
862 2665 961 2742 Nam
1000 2662 1044 2738 in
1080 2663 1264 2770 Iugurtha
1289 2683 1419 2748 tantus
1455 2671 1568 2750 dolus
1606 2692 1790 2784 tantaque

394 2787 531 2898 peritia
548 2789 722 2864 locorum
743 2801 782 2865 et
798 2785 947 2864 militiae
974 2800 1074 2879 erat,
1104 2802 1150 2866 ut
1170 2789 1301 2867 absens
1319 2821 1371 2869 an
1387 2820 1569 2900 praesens,
1588 2827 1721 2905 pacem
1738 2830 1790 2880 an
1894 2833 1895 2836 ¹

396 3016 431 3079 in
448 3013 595 3078 Nuntidia
613 3016 771 3098 procedere
801 3013 897 3076 Guelf.
912 3035 958 3076 ιο.
978 3013 1087 3076 deinde
1099 3014 1201 3098 paucis
1214 3016 1276 3080 dia
1295 3017 1356 3081 Bar.
1369 3019 1397 3094 d.
1426 3025 1549 3088 rudiores
1567 3027 1647 3106 (sins
1662 3033 1789 3112 copula)

392 3123 475 3186 Vrat.
484 3141 512 3182 ι.
532 3118 609 3184 obst
617 3141 651 3180 ex
660 3117 752 3181 Cortii
764 3118 853 3178 libris.
878 3119 975 3180 Guelf.
986 3141 1012 3186 ι.
1025 3140 1055 3182 2.
1074 3118 1141 3180 Sea.
1153 3141 1180 3190 t,
1199 3121 1266 3184 vin.
1279 3146 1309 3188 ι.
1322 3124 1383 3188 bes.
1397 3149 1422 3188 ι.
1432 3129 1515 3190 Rem.
1528 3150 1554 3192 r.
1568 3133 1712 3195 erodunt
1722 3135 1790 3197 Nar.

393 3227 483 3293 Pelet
497 3248 525 3288 2.
546 3236 671 3308 quatuor
682 3224 796 3285 Wassii.
826 3222 908 3284 Leid.
924 3246 952 3284 a.
965 3221 996 3285 b.
1011 3221 1042 3284 h.
1058 3223 1079 3285 i.
1091 3228 1113 3284 l.
1126 3245 1157 3290 n.
1175 3232 1252 3306 'quas
1269 3229 1451 3310 imperantur
1476 3235 1542 3296 Son.
1562 3257 1587 3303 ι.
1614 3256 1679 3315 quc
1698 3238 1789 3318 impe-

393 3340 474 3392 raret
493 3331 577 3390 Rem.
594 3348 620 3388 ι.
648 3326 799 3387 incedebat
819 3326 899 3388 Laid.
909 3331 931 3389 l.
956 3329 1037 3409 opud
1053 3328 1165 3410 primos
1181 3333 1278 3393 aderas
1297 3333 1376 3400 Lcid.
1389 3337 1418 3396 k.
1436 3359 1512 3400 unus
1525 3339 1639 3401 wsatt.
1658 3341 1745 3404 bern.
1764 3365 1789 3403 ι.

392 3431 601 3514 &amiserat
620 3433 722 3492 incert.
742 3453 767 3496 ι.
792 3431 888 3492 Senot.
903 3453 930 3498 a.
950 3433 1090 3495 Vincas.
1110 3434 1231 3498 Vratb.
1252 3436 1347 3502 Guoll.
1364 3461 1392 3522 7.
1414 3460 1458 3502 ιι.
1473 3462 1520 3509 rr.
1540 3443 1663 3507 Bora-r.
1683 3463 1788 3510 curere

392 3533 479 3600 Rern.
492 3557 517 3596 1.
529 3557 600 3595 nam
613 3535 765 3615 Iurgurthae
782 3537 849 3597 Seu.
865 3559 891 3597 ι.
911 3537 981 3600 vin.
995 3559 1021 3598 1.
1042 3541 1140 3603 Gucll.
1154 3562 1182 3602 ι.
1202 3540 1284 3603 Febr.
1299 3562 1328 3603 ι.
1345 3543 1427 3604 Leid.
1444 3547 1472 3606 k.
1484 3567 1515 3608 n.
1535 3559 1568 3610 ut
1580 3567 1648 3610 cum
1663 3550 1710 3614 hir
1719 3551 1788 3624 Tur,

392 3639 477 3702 sem.
495 3660 521 3700 ι.
532 3639 562 3700 3.
581 3639 662 3700 Laid.
682 3659 851 3720 quocunque
872 3639 952 3707 Cort.
967 3655 1068 3704 contra
1081 3665 1183 3706 omnes
1199 3645 1295 3714 Codd.
1316 3649 1414 3710 inerat
1432 3652 1501 3714 Vin.
1513 3672 1540 3714 a.
1560 3653 1640 3716 Vrat.
1657 3676 1685 3718 s.
1705 3667 1787 3720 torto

389 3763 453 3825 per·
472 3744 541 3807 vin.
557 3766 582 3808 ι.
603 3743 662 3803 obs.
673 3763 772 3824 capr.
793 3746 914 3826 plurimi
936 3745 1017 3814 Cort.
1039 3768 1141 3810 omnes
1155 3751 1237 3818 Leid.
1257 3757 1296 3814 ita
1311 3755 1431 3817 llorere.
1451 3756 1513 3823 Bm.
1526 3780 1551 3818 ι.
1571 3761 1672 3824 obrem
1687 3781 1727 3824 oc
1738 3785 1784 3846 pr.

275 3916 282 3931 ,
393 3847 490 3910 Gueli.
503 3847 532 3920 A.
551 3857 584 3907 at
598 3849 698 3908 absens
717 3849 777 3907 Bas.
792 3871 818 3908 1.
838 3849 924 3909 Bam.
936 3851 999 3917 ab.
1019 3853 1101 3914 Leid.
1121 3853 1181 3914 ebs.
1193 3863 1222 3916 et
1232 3878 1280 3937 pr.
1299 3857 1396 3918 Guell.
1408 3881 1454 3920 ro.
1474 3861 1533 3924 ahs.
1548 3871 1600 3923 out
1608 3885 1657 3946 pr.
1677 3865 1747 3930 Son·
1760 3889 1784 3928 ι.
1891 3865 1892 3928 l

392 3953 452 4020 inc.
464 3972 491 4017 r.
511 3950 571 4012 ebs.
585 3953 629 4014 rel
635 3975 683 4033 pr.
702 3953 814 4015 Fabric.
834 3953 919 4015 hem.
929 3976 957 4016 2.
977 3957 1046 4019 Vin.
1063 3979 1089 4034 ι.
1110 3957 1206 4020 Guelf.
1223 3983 1249 4022 ι.
1269 3945 1348 4024 Ῡιιιῖ.
1364 3985 1390 4026 ι.
1413 3965 1475 4027 Bas·
1487 3965 1515 4040 d.
1535 3967 1604 4031 Tur.
1625 3971 1667 4034 iu
1680 3976 1782 4036 molio-

391 4075 437 4123 ιιι
452 4057 573 4120 Palatio.
591 4057 625 4118 in
637 4060 735 4120 ceteris
749 4057 854 4120 cadem
867 4060 999 4126 lectionis
1011 4061 1138 4130 varietas.
1158 4061 1192 4125 in
1204 4064 1263 4130 inc.
1284 4087 1406 4154 propos.
1428 4089 1489 4140 om.
1502 4073 1598 4138 Gaea.
1616 4097 1642 4143 ι.
1655 4081 1683 4144 5.
1696 4101 1726 4164 9.
1740 4099 1781 4142 ιι.
