3850 4867
396 302 469 381 268

394 484 466 561 hm
481 484 540 565 bia
554 484 617 563 (lie
634 500 809 563 ventrem
827 512 1007 577 onerare,
1029 484 1182 563 nnllam
1200 499 1354 561 noetmn
1368 480 1452 557 eine
1474 487 1599 553 aoorto
1621 464 1780 572 quiem·
1872 493 1873 518 ¹

393 634 451 701 re,
469 635 550 685 mot
561 626 633 701 ott,
644 611 714 687 ubi
735 612 910 687 animum
916 636 1058 714 ‚quem
1074 608 1268 685 (luminari
1283 606 1458 695 decebat,
1470 597 1621 677 servitio
1633 609 1781 696 oppres-

391 756 487 825 ἘΝ
511 760 756 839 mmmmm
780 760 839 827 00,
857 750 986 839 postea
1000 732 1128 811 hebeti
1149 747 1266 835 atque
1281 729 1438 819 claudo,
1461 718 1705 830 proexeruito
1722 707 1781 787 uti

389 855 536 933 volunt
569 860 666 934 Nam
681 856 941 963 imprudentia
962 855 1147 960 pleraque
1161 872 1202 931 et
1217 853 1518 957 aepraecipitant.
1547 836 1783 922 veranum

390 994 433 1053 et
452 980 582 1055 omnia
604 981 705 1056 mala
733 980 878 1085 pariter
906 1006 997 1054 cnm
1018 977 1166 1053 honore
1192 977 1366 1082 peenniae
1393 974 1586 1061 desinent,
1609 967 1783 1062 sineque

389 1102 646 1207 magistratus,
671 1130 796 1207 neque
820 1103 895 1177 alia
918 1102 1034 1205 vulgo
1060 1100 1259 1204 cupiunda
1280 1099 1429 1176 venalia
1456 1111 1582 1173 errant.
1629 1088 1690 1167 Ad
1706 1084 1782 1159 110⁰

387 1224 669 1328 providendum
688 1241 743 1300 est
763 1225 833 1299 tibi
844 1250 1046 1327 ,quonam
1066 1224 1181 1299 modo
1197 1224 1308 1298 ltalia
1321 1238 1437 1325 atque
1452 1215 1658 1324 provincia
1669 1210 1783 1286 tutio

387 1372 445 1423 ree
462 1348 561 1424 sint:
585 1348 627 1424 id
644 1348 750 1453 quod
766 1347 871 1423 sactu
892 1345 999 1421 haud
1015 1347 1220 1421 obscurum
1239 1362 1303 1421 eat
1335 1347 1434 1422 Nam
1451 1342 1555 1419 idem
1575 1335 1706 1415 omnia
1720 1357 1784 1408 va·

385 1486 509 1561 etant,
529 1494 615 1547 tuae
636 1470 840 1546 deserendo
871 1469 1004 1545 domos
1023 1484 1063 1545 et
1080 1495 1151 1572 per
1173 1469 1358 1544 iniuriam
1383 1467 1526 1543 alienae
1549 1455 1782 1564 occupando·

386 1593 483 1667 Item
503 1619 569 1683 ne,
593 1608 640 1667 ut
667 1592 823 1684 adhuc,
851 1593 992 1667 militia
1024 1592 1165 1667 iniusta
1188 1608 1258 1667 aut
1280 1590 1479 1694 iuaequalia
1501 1590 1572 1665 ait:
1602 1612 1695 1662 cnm
1717 1577 1783 1655 alii

388 1714 563 1819 triginta,
588 1741 675 1819 pare
696 1716 852 1792 nullum
872 1714 1108 1818 stipendium
1126 1715 1263 1791 faciet:
1287 1733 1327 1791 et
1340 1716 1581 1791 stumeutum
1598 1709 1658 1798 id,
1676 1702 1783 1810 quod

386 1854 498 1913 autea
519 1838 721 1942 praemium
739 1838 899 1942 ignaviae
912 1837 1006 1928 fuit,
1031 1864 1102 1941 per
1120 1838 1333 1941 municipia
1350 1852 1390 1913 et
1409 1836 1578 1913 colonias
1596 1833 1672 1909 illis
1689 1830 1782 1907 dm

386 1962 604 2055 oonveniet,
629 1961 697 2064 qui
716 1960 915 2063 stipendiis
938 1960 1103 2036 emeritis
1127 1960 1259 2037 domos
1282 1961 1513 2036 inverterint.
1538 1958 1637 2054 Quae
1654 1954 1784 2057 reipu-

384 2083 495 2161 blica
513 2086 718 2161 necessaria
740 2082 886 2187 tibique
902 2081 1061 2188 gloriosa
1081 2100 1186 2159 ratus
1197 2110 1300 2174 eum,
1318 2110 1436 2187 quam
1447 2078 1705 2187 'paucisaumia
1717 2076 1781 2151 ab·

383 2209 485 2285 solvi.
519 2208 605 2284 Non
625 2208 732 2311 peius
745 2206 1053 2309 videtur,'pauea
1074 2233 1183 2281 nune
1199 2206 1248 2282 de
1263 2206 1364 2282 facto
1384 2233 1471 2282 meo
1490 2206 1677 2281 diesem
1701 2201 1782 2285 Ple-

383 2330 494 2433 rique
514 2330 690 2411 mortales
704 2328 754 2405 ad
770 2328 1024 2405 iudicandum
1038 2329 1126 2404 aaut
1143 2329 1287 2435 ingenii
1309 2328 1456 2405 habeut
1473 2345 1544 2403 aut
1561 2326 1748 2403 simulant
1769 2356 1778 2394 z

382 2476 516 2528 verum
534 2453 639 2529 enim
655 2452 705 2529 ad
720 2450 1032 2555 reprehendenda
1049 2453 1175 2529 aliena
1199 2453 1297 2529 saeta
1320 2469 1390 2528 aut
1405 2453 1507 2529 dicta
1522 2451 1631 2527 arulet
1654 2449 1776 2527 omni·

383 2575 455 2651 bue
472 2576 640 2669 animum
670 2575 735 2651 vix
752 2575 841 2650 tatia
862 2594 1039 2680 apertum
1067 2602 1124 2667 os,
1149 2593 1219 2652 aut
1245 2576 1377 2681 lingua
1406 2590 1584 2681 prompta
1609 2574 1779 2662 videtur,

382 2724 469 2800 quae
490 2698 670 2775 meditata
694 2712 847 2802 pectore
870 2698 1041 2774 evolvatz
1076 2700 1218 2803 quibus
1248 2726 1309 2775 me
1330 2702 1546 2777 subiectum
1560 2693 1678 2775 ¹hund
1698 2724 1777 2804 poe·

383 2819 501 2911 uitet,
525 2820 643 2927 magia
656 2821 847 2897 reticuisse
867 2821 1020 2926 pigeret
1051 2822 1148 2897 Nam
1162 2824 1238 2899 sive
1255 2822 1347 2914 hac,
1364 2848 1432 2899 eeu
1448 2824 1606 2898 meliore
1624 2822 1701 2897 alia
1717 2822 1774 2897 via

382 2968 525 3049 perges;
552 2970 659 3020 ame
682 2944 839 3047 quidem
857 2971 929 3047 pro
955 2944 1057 3018 virili
1080 2962 1188 3048 parte
1215 2946 1363 3022 dictum
1390 2963 1429 3022 et
1453 2946 1631 3022 adiutum
1651 2946 1774 3023 fuerit

380 3068 588 3172 Reliquum
606 3086 660 3145 est
681 3085 832 3172 optare,
854 3069 930 3156 uti,
954 3092 1041 3170 quae
1064 3067 1135 3141 tibi
1151 3068 1385 3173 placuerint,
1403 3096 1448 3146 ea
1470 3070 1525 3145 dii
1543 3068 1769 3147 immortales

381 3193 595 3297 approbent
617 3192 789 3297 beneque
807 3191 957 3269 evenire
981 3191 1119 3269 sinaut

825 3392 1232 3471 EPISTOLA
1280 3398 1335 3470 Il

355 3576 369 3615 ι
481 3535 565 3612 Scio
589 3560 676 3641 ego,
700 3560 818 3640 quam
838 3538 991 3616 difficile
1015 3558 1132 3645 atque
1155 3566 1332 3646 asperum
1363 3540 1469 3619 factu
1492 3543 1543 3620 sit
1570 3543 1765 3624 consilium

381 3656 472 3754 dure
490 3658 568 3763 regi
587 3673 656 3751 aut
680 3658 898 3764 imperatori
910 3720 925 3754 „
944 3679 1134 3767 postremo
1157 3666 1340 3768 cuiquam
1364 3668 1536 3759 mortali,
1561 3670 1671 3745 ouius
1686 3692 1764 3773 ope

378 3777 421 3854 in
437 3780 579 3857 excelso
599 3796 690 3857 sunt
706 3814 714 3857 τ
737 3783 881 3889 quippe
893 3813 982 3860 eum
1000 3802 1039 3862 et
1054 3788 1129 3864 illis
1148 3788 1410 3865 consultorum
1425 3791 1545 3895 copiae
1559 3792 1696 3885 adsint,
1706 3818 1763 3867 ne·

377 4018 434 4079 que
449 4020 511 4061 om.
524 3998 612 4063 Febr.
626 4013 656 4063 et
671 3969 745 4065 lli-ic.
763 4004 983 4085 providorum
998 4015 1040 4067 est
1056 4005 1117 4066 nti.
1138 4002 1193 4065 tibi
1208 4012 1297 4090 vulgo
1314 4012 1452 4070 ominum
1467 4022 1569 4075 eontra
1585 4012 1682 4080 codd.
1700 4031 1759 4075 eum

377 4102 527 4187 elipandi&
543 4105 676 4169 mritis.
697 4126 765 4169 oum
784 4128 845 4169 om.
867 4108 951 4169 llabr.
968 4121 997 4170 et
1012 4110 1087 4173 litio.
1107 4110 1159 4190 qui
1173 4110 1239 4191 εὕρ
1258 4112 1352 4174 latio.
1372 4115 1452 4176 odito
1462 4125 1580 4196 pedon
1593 4118 1689 4181 euolat
1698 4136 1759 4180 on·

369 4208 502 4275 ,nulibri
520 4220 668 4295 corrupta.
686 4210 767 4273 ἀίω
782 4220 900 4294 pectora
919 4214 1029 4280 mont
1047 4216 1385 4300 armnientnratagitur.
