3850 4867
1520 351 1592 444 148

188 526 302 603 dium
321 524 551 634 impositum
602 531 700 630 Quae
715 531 868 636 negotia
882 529 1007 606 multo
1024 531 1141 637 magis
1163 558 1281 633 quem
1301 528 1478 637 praelium
1493 525 1594 606 male
1646 605 1649 616 ,

187 670 407 758 pugnatum
426 655 476 729 ab
493 655 571 730 suis
591 681 715 759 regem
734 656 951 750 terrebant3
976 657 1120 761 qnippe
1141 658 1204 732 cui
1226 681 1307 760 spes
1327 653 1449 730 omnis
1473 653 1516 730 in
1531 651 1595 730 fn·

187 802 237 880 ga
254 778 325 853 sito
347 796 451 871 erat,
467 779 576 885 sequi
599 779 822 885 cogebatur3
840 796 880 856 et
899 781 968 883 qui
992 807 1058 856 sua
1081 781 1163 856 loca
1191 779 1392 856 defendere
1415 778 1594 884 nequive-

187 915 271 990 νει.
290 903 337 984 in.
357 903 490 979 alienis
518 903 664 980 bellum
691 927 827 1008 gerere.
874 905 1018 978 Tamen
1044 931 1091 978 ex
1117 903 1226 1007 copia
1260 902 1365 1006 qnod
1390 919 1594 1008 optumum

187 1023 393 1102 videbatur
421 1028 624 1103 consilium
655 1026 787 1130 cepitr
812 1027 1021 1102 exercitum
1051 1027 1277 1132 plerumque
1301 1029 1345 1105 in
1365 1029 1483 1104 isdem
1502 1027 1595 1104 locis

189 1149 360 1252 opperiri
380 1150 507 1245 iubet43
537 1150 617 1254 ipse
650 1177 740 1226 cnm
771 1148 923 1225 delectis
957 1151 1152 1255 equitibus
1176 1151 1375 1228 Metellum
1404 1151 1595 1255 seqnitur,

186 1274 390 1349 nocturnis
419 1274 572 1350 etesiis
597 1273 799 1351 itineribus
817 1273 1011 1379 ignoratus
1032 1277 1220 1354 Romanos
1245 1275 1410 1381 palantis
1439 1289 1601 1378 repente.

187 1396 430 1501 adgreditur3
462 1423 595 1475 comm
626 1396 802 1502 plerique
838 1397 1000 1473 inermes
1028 1397 1192 1490 cadunt,
1217 1382 1332 1475 multi
1359 1400 1596 1504 capiuntur:-

186 1519 497 1598 ncmc'omnium
515 1521 682 1598 intactus
698 1520 868 1626 profugit
873 1555 884 1618 3
896 1537 935 1600 et
951 1522 1146 1613 Numidae,
1160 1523 1386 1628 priusquam
1406 1551 1452 1600 ex
1464 1523 1601 1600 castris

185 1645 471 1739 subveniretur,
501 1645 614 1722 sicuti
647 1646 738 1722 iussi
765 1662 898 1740 erant,
936 1646 979 1724 in
1018 1671 1223 1751 proxumos
1247 1648 1355 1725 collis
1383 1647 1596 1724 discedunt.

186 1769 353 1846 Interim
368 1772 497 1846 Romae
514 1770 699 1876 gaudium
723 1771 855 1874 ingens
876 1785 1005 1846 ortum
1028 1772 1188 1878 cognitis
1214 1771 1360 1848 Metelli
1382 1771 1524 1848 rebus:
1548 1787 1595 1849 ut
1606 1775 1643 1838 5⁵

186 1917 305 1996 oeque
323 1908 362 1968 et
380 1894 587 1970 exercitum
606 1921 713 1969 more
732 1894 923 1970 maiorum
942 1912 1102 2000 gereret3
1123 1896 1167 1972 in
1189 1896 1345 1973 advorso
1368 1896 1452 1972 loco
1467 1897 1596 1973 'victor

188 2033 321 2095 tamen
338 2018 478 2095 virtute
494 2017 640 2112 fuisset5
665 2016 835 2096 hostium
853 2045 947 2128 ¹agro
964 2019 1177 2124 potiretur3
1203 2019 1429 2126 Iugurtham
1447 2021 1595 2125 magni-

187 2139 309 2219 ficum
324 2168 370 2218 er
387 2141 478 2218 Auli
499 2141 670 2218 socordia
689 2169 795 2246 spem
811 2143 942 2219 salutis
962 2144 1004 2219 in
1022 2144 1229 2224 solitudine
1251 2160 1321 2222 aut
1340 2144 1430 2250 suga
1451 2145 1590 2250 coegis-

186 2265 414 2344 esthabere.
462 2269 598 2370 Itaque
623 2268 782 2344 Senatus
800 2266 850 2343 ob
866 2294 911 2344 ea
930 2267 1093 2344 feliciter
1116 2285 1200 2348 acta
1229 2267 1287 2346 dis
1314 2269 1595 2345 immortalibus

185 2390 377 2495 supplicia
393 2389 594 2467 decernere
610 2389 762 2467 :civitas
780 2391 928 2498 trepida
945 2391 1058 2469 antea
1077 2407 1116 2470 et
1131 2392 1293 2470 sollicita
1310 2392 1358 2469 de
1372 2394 1465 2469 belli
1482 2419 1595 2471 even·

187 2532 237 2590 tn
255 2514 340 2592 laetn
357 2541 488 2621 agerer
513 2514 616 2592 fama
634 2513 682 2590 de
696 2513 850 2591 Metello
866 2514 1050 2617 proeclare
1071 2541 1155 2593 esse.
1206 2517 1328 2624 Igitur
1346 2545 1390 2596 eo
1410 2518 1594 2599 intentior

185 2638 241 2715 nd
258 2638 457 2716 victoriam
475 2639 566 2731 niti,
586 2639 764 2715 omnibus
787 2637 909 2714 modis
928 2637 1124 2731 festinare,
1146 2666 1277 2720 cavere
1305 2655 1453 2733 tamen,
1477 2669 1595 2719 necn-

186 2763 234 2841 bi
260 2761 377 2868 hosti,
392 2779 631 2869 opportunus
663 2763 769 2839 fieret
790 2795 798 2836 :
822 2761 1068 2852 meminisse,
1100 2777 1185 2866 post
1211 2764 1372 2870 gloriam
1407 2764 1593 2844 invidiam

183 2985 270 3051 Leid.
281 3009 308 3049 c.
321 2985 355 3047 b.
366 3009 408 3049 m.
427 2977 488 3049 Ert'.
507 2985 576 3069 Teg.
595 2983 665 3047 Tur.
686 2985 786 3065 brrpos
798 2993 840 3044 ost
859 2983 918 3044 Erl.
939 2981 1010 3070 leg.
1030 2983 1112 3046 Leid.
1123 2985 1151 3044 lt.
1172 2984 1240 3045 Tur.
1264 2986 1367 3069 qnippe
1383 2987 1434 3048 cui
1450 2987 1513 3050 Bm.
1527 3012 1552 3051 ι.
1561 2991 1592 3062 ἆ.

183 3084 277 3145 Aond.
298 3086 393 3150 Stmr.
414 3086 516 3146 incert.
530 3106 555 3143 t.
575 3083 702 3142 Remi.
722 3079 789 3142 Eoo.
813 3081 989 3165 Guell3.7.
1012 3081 1218 3162 aliquotllivii.
1239 3085 1371 3166 quinque
1384 3085 1497 3148 Wossii.
1510 3087 1592 3151 Leid.

183 3184 297 3243 e.i.m.
318 3181 420 3263 emique
433 3181 513 3242 Leid.
524 3178 557 3241 h.
578 3177 660 3241 ctdns
678 3178 795 3240 Gruteri
808 3179 959 3250 meliores,
987 3167 1086 3260 plures
1106 3177 1209 3240 Cortii.
1238 3179 1307 3240 Tur.
1336 3201 1375 3243 ee
1394 3182 1495 3262 inopia
1513 3186 1593 3263 quod

182 3288 248 3360 opt.
267 3280 307 3339 ita
321 3279 494 3342 omnesfem
506 3278 584 3338 libri.
610 3296 649 3336 cr
663 3274 747 3356 copia
768 3273 865 3339 Guell.
877 3274 905 3346 4.
927 3297 968 3334 m.
986 3296 1032 3356 pr.
1062 3295 1099 3335 ex
1113 3275 1147 3335 ιή
1161 3274 1244 3357 eopia
1265 3277 1363 3340 Gucll.
1379 3297 1407 3338 π.
1429 3279 1519 3338 cedem
1536 3280 1593 3346 loe.

182 3376 284 3440 Senat.
302 3397 327 3435 t.
347 3374 461 3436 Fabrie.
473 3395 500 3435 r.
521 3376 624 3434 incert.
639 3393 664 3432 1.
685 3373 782 3432 Gucll'.
794 3391 822 3432 r.
832 3375 860 3435 3.
889 3369 1003 3432 hisdem
1022 3374 1122 3442 ceteri.
1134 3373 1280 3454 potenteis
1296 3376 1410 3458 aliquot
1421 3375 1499 3440 Ririi
1513 3375 1593 3438 libri.

181 3473 275 3536 daec<
289 3493 333 3551 eq.
353 3470 405 3534 Ac.
424 3471 545 3554 &uaros
558 3469 708 3533 Rom
725 3468 794 3528 Vin.
811 3488 836 3528 ι.
1552 3529 1555 3536 ,

268 3591 341 3675 Cap.
355 3593 403 3654 55.
423 3600 522 3653 ortum
537 3599 577 3654 ott
601 3589 682 3657 leid.
696 3611 724 3650 n.
734 3611 765 3674 g.
779 3587 811 3650 h.
826 3611 859 3649 n.
879 3598 920 3650 cst
932 3599 1032 3650 ortum
1051 3590 1132 3651 Leid.
1146 3590 1176 3652 d.
1191 3593 1212 3652 ἰ.
1233 3587 1337 3650 Atbtnt
1349 3611 1408 3653 soe.
1428 3593 1510 3657 Leid.
1526 3616 1552 3662 e.
1566 3618 1591 3659 e.

181 3695 289 3754 incest.
309 3690 423 3752 Fabric.
443 3688 540 3750 Guelf.
556 3686 587 3749 3.
607 3685 677 3770 Teg.
696 3685 794 3752 Turic.
819 3682 934 3748 weced.
960 3685 1043 3747 Leid.
1054 3709 1097 3749 m.
1125 3697 1158 3749 ut
1180 3687 1213 3748 in
1235 3687 1303 3751 adv.
1318 3687 1383 3750 loco
1409 3689 1480 3754 Ecc.
1496 3692 1593 3758 Struv.

179 3791 283 3854 Sonat.
298 3807 328 3848 r.
348 3782 449 3852 Hense.
470 3784 568 3849 Guell.
580 3782 610 3844 3.
622 3805 651 3866 7.
664 3804 694 3866 9.
707 3804 754 3845 ro.
767 3804 814 3845 rr.
835 3783 920 3844 Bern.
930 3782 960 3842 3.
981 3791 1014 3852 ut
1027 3783 1155 3863 quamvis
1168 3785 1189 3850 i.
1206 3795 1236 3848 o.
1248 3785 1269 3846 l.
1290 3782 1389 3852 Gnels.
1399 3785 1428 3858 4.
1448 3787 1496 3851 ‹tts
1507 3789 1592 3853 Febr.

186 3909 218 3948 ι.
236 3885 299 3946 llus.
313 3906 339 3951 t.
357 3882 455 3945 Tmic.
484 3889 584 3942 tamon
598 3882 665 3959 tuf.
678 3880 783 3943 virtuto
806 3879 867 3938 En.
885 3879 955 3959 Τις.
974 3879 1046 3940 Tur.
1077 3877 1212 3942 lentiam
1230 3903 1279 3962 og.
1309 3881 1388 3943 th.
1407 3905 1432 3944 ι.
1451 3885 1549 3949 Sonat.
1563 3907 1591 3950 at

181 3983 287 4043 Hense.
306 3977 476 4063 Leid.'g.n.
493 3976 595 4050 ΒΜ.
614 3977 712 4039 Turic.
732 3974 859 4038 tems.
881 3973 943 4037 loeti
962 3995 1050 4055 ogero
1069 3975 1166 4038 Guell.
1181 3999 1207 4039 r.
1224 3998 1270 4041 rr.
1291 3999 1389 4062 mpr.
1418 3981 1457 4041 dc
1472 3979 1598 4046 Metello

29 4107 34 4110 ·
168 4083 271 4162 saura
282 4076 430 4160 preclaro
445 4095 503 4139 orso
521 4073 583 4136 boc
599 4074 704 4135 ordine
714 4075 825 4157 priores
844 4073 921 4134 fflit.
941 4073 1003 4134 Bes.
1018 4095 1043 4136 t·
1071 4071 1157 4136 Bom.
1172 4095 1197 4137 ι.
1210 4073 1240 4142 ὅ.
1269 4095 1372 4139 omnes
1390 4077 1473 4140 leid.
1489 4081 1590 4142 oredo.

167 4177 312 4258 suntad.
326 4175 369 4235 M.
380 4195 427 4256 pr.
439 4193 464 4235 e.
484 4173 552 4234 vin.
566 4193 591 4232 t.
612 4170 726 4232 Febric.
745 4172 806 4232 inc.
821 4189 846 4236 t.
869 4168 967 4232 Guetf.
983 4189 1010 4233 ι.
1021 4175 1050 4236 3.
1069 4171 1167 4236 Turio.
1187 4171 1250 4234 Bar.
1261 4171 1292 4248 ζ.
1320 4171 1413 4254 igitur
1430 4193 1465 4237 oo
1479 4175 1535 4242 t'nt.
1554 4198 1590 4241 oo

180 4297 248 4343 om.
260 4273 358 4335 Goell.
369 4272 400 4334 ὅ.
428 4291 465 4334 nc
479 4270 529 4333 ott
545 4269 656 4344 Vini.
676 4265 785 4331 Febris.
797 4287 826 4329 2.
845 4266 944 4334 Stmt.
961 4267 1075 4335 Vretirl.
1088 4287 1117 4330 ο.
1138 4269 1222 4338 bem.
1237 4290 1264 4332 r.
1281 4270 1351 4348 inc.
1364 4289 1393 4334 r.
1429 4291 1467 4336 ns
1480 4273 1592 4338 aticutt
