3850 4867
96 514 227 596 tutes,
260 505 375 587 haud
399 510 550 588 facilem
569 508 834 617 pugnantibus
856 506 1019 601 vadum,
1042 522 1183 587 cuncte
1201 505 1300 585 hoeti
1319 534 1438 612 qnam
1453 509 1532 588 tuit

92 634 407 731 opportuniora
427 634 539 713 videt
562 682 614 697 -
638 632 696 711 53.
718 635 853 731 Quum
868 632 1055 710 Sertorius
1066 658 1192 738 neque
1205 646 1439 737 erumperet,
1449 650 1531 713 tam

92 748 179 829 levi
212 758 340 871 copia
371 760 531 837 navibus
547 760 693 865 *liugom
726 756 953 833 maturabat
969 802 1031 842 ¹-
1055 757 1113 853 54.
1137 759 1188 831 Et
1217 757 1371 835 numeri
1395 784 1531 837 2222222

90 874 306 958 Metellus
332 909 402 987 per
421 882 548 959 literas
567 906 716 989 gnarut
740 925 793 945 -
818 879 877 957 55.
899 885 1035 985 Itaque
1057 881 1236 958 Servilius
1254 897 1440 987 egi-otum
1457 886 1531 961 Ta-

92 1004 213 1079 renti
234 1006 431 1113 collegam
450 1008 558 1113 prior
578 1024 843 1113 transgressus,
869 1005 942 1083 iter
960 1006 1078 1083 vortit
1091 1006 1142 1083 ad
1162 1010 1352 1111 Corycum
1379 1008 1531 1103 urbem,

96 1124 318 1206 inclutam
341 1156 458 1236 specu
489 1147 605 1235 atque
634 1156 812 1222 nemore,
835 1129 878 1207 in
904 1157 984 1234 quo
1014 1157 1172 1208 crocum
1191 1130 1369 1237 gignitur.
1393 1176 1447 1196 -
1470 1130 1530 1210 56.

96 1250 165 1325 Ad
188 1252 421 1360 Olympum
437 1271 553 1359 atque
574 1253 780 1332 Phaselida.
804 1299 858 1319 -
882 1254 941 1355 57.
962 1255 1023 1332 Ad
1043 1258 1242 1361 Corycum.
1265 1300 1318 1317 -
1342 1253 1400 1331 58.
1413 1256 1530 1361 Apud

97 1368 237 1455 Lethe
269 1380 483 1483 oppidum,
524 1362 588 1455 cui
614 1404 757 1455 nomen
786 1377 989 1457 oblivionis
1017 1380 1278 1456 condiderunt
1300 1424 1354 1441 -
1376 1376 1434 1475 59.
1458 1382 1530 1457 Re-

100 1498 255 1603 pulsus
293 1530 317 1578 2
353 1501 471 1579 Lethe
498 1502 649 1608 oppido.
680 1548 733 1565 -
769 1505 828 1578 60.
860 1503 976 1607 Apud
1009 1504 1212 1579 Mutinam
1243 1546 1295 1565 -
1324 1502 1383 1577 62.
1415 1503 1531 1607 Apud

101 1625 314 1703 Praeneste
337 1626 491 1703 1222222.
513 1674 567 1689 -
590 1630 650 1702 62.
672 1623 801 1701 Μ22112
828 1623 914 1701 diei.
938 1671 991 1688 -
1013 1628 1073 1701 68.
1097 1625 1280 1723 Quietum
1298 1652 1322 1699 a
1346 1624 1532 1703 122111221-

103 1747 293 1825 vitatem.
317 1796 370 1813 -
393 1754 451 1847 66
476 1749 628 1827 Militioe
657 1748 810 1854 peritne
834 1794 887 1813 ··-
911 1747 971 1825 65.
996 1748 1206 1841 Sertorius,
1224 1747 1346 1853 portic
1374 1750 1531 1829 turbam

106 1872 369 1977 morantibus
393 1890 432 1950 et
453 1873 583 1962 nullo,
608 1888 655 1949 ut
676 1871 719 1949 in
732 1871 1002 1962 terroremue,
1028 1872 1174 1977 generis
1195 1887 1264 1948 aut
1283 1872 1436 1976 imperii
1456 1874 1532 1951 die·

108 1997 292 2075 mimine
308 2055 318 2091 ,
340 2024 412 2102 per
429 1997 611 2075 calonum
630 2022 814 2100 corpora,
840 1994 891 2071 ad
905 1994 1078 2070 medium
1094 1997 1203 2098 quati
1237 1994 1445 2099 deintuper
1463 1999 1530 2074 ad·

109 2120 316 2197 stantium
339 2120 517 2199 manibus
539 2120 582 2196 in
600 2146 759 2197 murum
789 2116 999 2194 adtollitur.
1033 2161 1086 2181 --
1107 2120 1166 2194 66.
1190 2120 1324 2223 Neque
1355 2118 1530 2199 detrutut

113 2243 360 2349 aliquotiens
381 2245 602 2322 deterretur.
630 2286 681 2302 -
705 2246 765 2343 67.
794 2241 1001 2321 Dubitavit
1029 2242 1110 2317 acie
1135 2266 1233 2346 pore
1264 2282 1316 2303 -·
1339 2246 1397 2320 68.
1423 2245 1531 2344 Quot

114 2366 223 2446 inter
235 2396 429 2447 manime.
450 2412 503 2435 --
527 2372 586 2469 69.
598 2368 766 2447 Rumore
779 2366 917 2471 primo.
940 2412 993 2433 -
1014 2391 1072 2465 7⁰·
1095 2365 1203 2443 Idem
1218 2362 1339 2443 fecere
1351 2366 1531 2446 Octavius

115 2508 154 2571 et
173 2494 226 2595 Q.
244 2496 375 2601 Caepio
392 2496 475 2573 tine
490 2493 594 2602 gravi
619 2493 848 2597 cuiusquam
866 2492 1308 2599 exspectationemque
1333 2497 1433 2569 tane
1447 2519 1530 2570 2222-

121 2723 169 2787 53.
190 2722 261 2789 12222
276 2726 317 2786 iu
332 2722 538 2809 coniungenda
555 2743 613 2787 2222
630 2722 742 2787 censuit
752 2720 850 2783 Petrus
861 2720 1027 2785 Scriverius.
1048 2718 1125 2779 Nem
1136 2740 1186 2803 cp.
1201 2720 1334 2785 Serrium
1349 2720 1532 2803 (2211222,
1616 2796 1620 2801 .

124 2829 214 2910 522.)
237 2833 285 2893 m
300 2808 410 2913 legio}
429 2830 462 2890 in
484 2828 595 2891 eolice
610 2827 749 2889 rodone
768 2822 835 2886 con
855 2822 1001 2885 222222
1021 2842 1112 2905 mque
1136 2842 1276 2904 nacor,
1305 2835 1333 2886 a
1350 2826 1533 2895 2222222-

120 2934 204 3013 piam
214 2934 326 2999 aeuus.
345 2936 555 3014 ceterasugcm
568 2932 737 2993 maturabat
750 2926 868 2991 exhibet
888 2926 980 2988 Gom.
995 2926 1108 2988 fronto
1123 2948 1147 2988 2.
1161 2951 1191 2992 2.
1210 2938 1339 2991 multuo.
1358 2964 1401 2979 —
1422 2933 1471 3003 56.
1493 2932 1530 2995 c,

123 3036 238 3102 Fronto
256 3060 278 3101 2.
294 3064 323 3105 v.
336 3059 457 3121 gnum.
476 3038 578 3100 Carrio
595 3058 630 3098 22
644 3056 697 3096 222
713 3034 792 3096 libro
811 3031 924 3093 itiner-is
942 3031 1053 3108 edidit,
1073 3033 1106 3093 in
1119 3033 1184 3093 aliie
1203 3034 1333 3095 muneris
1347 3037 1465 3118 legitur.
1487 3069 1530 3087 .-

127 3142 175 3203 55.
196 3145 383 3225 12422223.
405 3142 467 3207 hec
482 3145 569 3207 Pritc.
584 3144 638 3218 25,
655 3162 689 3217 2,
705 3141 775 3205 626.
795 3136 979 3198 2212221122.
995 3136 1086 3198 Marc.
1101 3141 1139 3212 5,
1154 3156 1203 3219 7²·
1223 3136 1285 3199 bec
1298 3140 1531 3221 conglutinende

129 3251 242 3311 censuit
251 3246 370 3325 Carrio,
384 3249 417 3311 id
427 3248 508 3330 quod
525 3248 609 3313 valde
620 3244 745 3306 dubito:
765 3240 844 3308 Non.
854 3242 933 3303 enim
951 3238 1061 3301 librum
1074 3242 1237 3303 2222221222
1254 3243 1363 3307 laudat.
1382 3262 1468 3323 specu
1479 3254 1530 3305 (22.

129 3372 182 3431 que
201 3354 325 3417 1122222.
337 3353 464 3415 coniecit
475 3372 530 3433 pro
541 3360 695 3433 pactusque
717 3346 799 3431 qnod
815 3350 903 3429 vulgo
918 3348 1032 3428 legitur.
1053 3343 1088 3407 in
1103 3366 1161 3426 quo
1173 3357 1294 3408 crocitm
1309 3347 1443 3430 gipm'tur
1449 3348 1528 3413 Serv.

132 3454 286 3543 Georgi,
304 3459 370 3519 282.
389 3490 432 3506 -
457 3456 584 3517 56-62.
606 3455 692 3517 Prisc.
714 3454 769 3528 15,
791 3472 831 3524 2,
852 3450 921 3512 628.
942 3450 992 3546 cui
1015 3470 1123 3513 nomen
1149 3452 1299 3513 2111νί2225
1319 3452 1529 3533 condiderunt,

132 3558 209 3644 (que
219 3585 269 3646 ap.
282 3562 362 3627 Serv.
377 3559 495 3621 221122.
508 3581 537 3633 2,
548 3558 617 3644 267.
633 3558 789 3643 leguntur)
805 3578 872 3618 cnm
881 3558 981 3618 ceteris
987 3557 1201 3619 coniunxerunt
1210 3554 1360 3620 Puuchiue
1373 3558 1528 3623 21022212.

133 3668 372 3730 tedBurmennue
381 3662 444 3727 hec
455 3664 495 3725 ad
510 3664 633 3727 lluvium
648 3664 792 3747 pertinere
809 3663 931 3723 censuit.
953 3661 1008 3721 clr.
1021 3659 1060 3720 nd
1066 3660 1176 3720 Sueten
1193 3659 1442 3725 Grem.c.10.-
1461 3665 1501 3726 62
1511 3700 1530 3715 -

135 3772 182 3846 51.
202 3774 238 3835 G.
248 3780 293 3839 Fr.
306 3792 330 3832 2.
344 3795 373 3835 r.
385 3770 467 3831 Med.
481 3770 568 3849 quiet.
581 3789 645 3851 per.
663 3801 707 3817 -
733 3767 782 3829 65.
801 3766 880 3827 Non.
898 3766 990 3826 Marc.
1002 3766 1037 3839 1,
1060 3766 1132 3826 228.
1145 3774 1175 3826 ct
1192 3785 1228 3825 22
1236 3806 1247 3840 ,
1261 3768 1315 3842 182
1341 3791 1398 3850 pro
1415 3770 1526 3851 portis,

129 3879 216 3956 soriti
234 3884 281 3945 221
304 3876 425 3949 Rei-thri
444 3877 568 3958 legitur,
588 3895 644 3956 pro
671 3871 853 3934 adstantium
878 3870 1051 3931 122122ιὰ222
1065 3910 1076 3946 ,
1105 3871 1151 3932 vel
1169 3869 1202 3929 in
1226 3872 1529 3951 deinsupoetmmwn

138 3988 297 4048 uenirem
313 3984 492 4064 corruptelae
508 3982 614 4042 omitto
632 3980 686 4041 212.
699 3978 779 4043 Serv.
794 3976 866 4042 522.
880 3997 918 4057 9,
940 3976 1008 4037 558.
1028 4007 1070 4023 -
1090 3972 1139 4034 66.
1160 3976 1246 4037 Prisc.
1265 3978 1317 4051 25,
1338 3978 1377 4053 4,
1398 3978 1468 4062 627.
1487 4012 1530 4028 .-

140 4088 186 4173 67.
203 4092 245 4157 id.
258 4115 294 4177 7,
315 4084 367 4174 19,
378 4088 449 4177 3¹54.
467 4087 547 4150 Serv.
559 4083 665 4168 Georg.
688 4104 722 4158 2,
737 4082 805 4143 228.
825 4078 1141 4163 15212626212159.
1161 4113 1204 4129 -
1224 4080 1399 4143 68012212.
1414 4092 1447 4169 p.
1459 4104 1529 4146 222.

141 4222 178 4248 .-
195 4198 242 4287 69
261 4196 429 4282 id‚p.192.
448 4224 491 4243 -
510 4211 560 4275 7⁰·
578 4190 657 4255 Serv.
668 4186 770 4260 1224
778 4227 789 4263 ,
804 4184 922 4247 285.-
941 4183 1163 4269 72822122.
1176 4206 1211 4265 2,
1226 4186 1295 4250 522.
1315 4198 1529 4271 2222212222-

1082 4330 1132 4405 29
