3850 4867
1461 354 1536 446 203

129 517 271 611 itinere
294 523 394 604 fessis
411 527 607 624 omnibus3
629 528 734 606 Sulla
748 531 892 635 pariter
910 558 1001 608 cum
1025 547 1114 608 ortu
1125 527 1213 607 solis
1226 546 1346 606 castra
1363 531 1533 607 metaba-

129 659 211 734 tur,
238 638 366 752 quum
382 655 526 756 equites
537 654 664 730 Mauri
684 655 889 745 nunciant,
900 641 1127 760 Iugurtham
1140 655 1291 731 circiter
1307 645 1430 730 duum
1445 653 1534 758 mil-

127 767 227 846 lium
250 773 454 853 intervallo
472 794 562 854 ante
578 803 639 854 eos
652 779 866 855 consedisse,
917 779 1034 877 Quod
1050 795 1252 884 postquam
1267 777 1445 856 auditum
1455 795 1533 870 est,

127 909 214 972 tum
230 924 326 976 vero
351 902 483 1006 ingens
503 919 625 979 metus
641 918 788 978 nostros
808 901 955 978 invadit
976 933 984 976 t
1010 904 1162 979 credere
1182 929 1220 978 se
1231 903 1401 1008 proditos
1411 931 1443 1006 ,a
1453 883 1532 980 Vo-

125 1016 214 1096 luce
238 1039 280 1097 et
297 1022 444 1101 insidiis
462 1028 745 1103 circumventos.
790 1029 845 1101 Ac
860 1012 982 1119 luere,
1008 1025 1077 1130 qui
1098 1026 1287 1118 dicerent,
1311 1053 1432 1104 manu
1449 1027 1533 1103 vin-

125 1141 345 1224 dicandum
359 1177 484 1254 neque
496 1150 601 1254 apud
613 1151 726 1225 illum
740 1163 892 1225 tantum
903 1150 1024 1226 scelus
1039 1149 1210 1226 inultum
1224 1152 1533 1255 relinquendum.

127 1271 176 1343 At
190 1270 316 1363 Sulla,
337 1264 572 1379 quamquam
585 1273 716 1350 eadem
726 1273 967 1365 aestumabat,
986 1289 1114 1350 tamen
1129 1274 1178 1348 ab
1192 1273 1335 1352 iniuria
1348 1275 1531 1354 Maurum
1543 1312 1599 1375 ¹07

126 1396 334 1500 prohibet:
358 1425 444 1475 suos
464 1401 658 1487 hortatur,
685 1398 744 1473 uti
763 1397 900 1474 fortem
915 1397 1091 1473 animum
1107 1414 1305 1502 gererent:
1328 1425 1425 1506 saepe
1443 1399 1533 1478 aute

128 1523 264 1624 paucis
280 1525 444 1601 strenuis
463 1523 664 1600 advorsum
688 1520 980 1597 multitudinem
1000 1520 1098 1597 bene
1117 1539 1360 1627 pugnatum:
1384 1543 1532 1629 quante

129 1647 200 1722 sihi
221 1651 269 1725 in
294 1650 427 1756 praelio
451 1649 579 1724 minus
589 1646 862 1753 pepercissent,
887 1661 996 1722 tanto
1012 1645 1168 1722 tutiores
1185 1645 1266 1723 fore
1284 1678 1293 1720 ε
1319 1674 1390 1724 nec
1402 1675 1535 1752 quem-

131 1799 251 1874 quam
273 1775 423 1864 decere,
447 1773 516 1877 qui
538 1796 674 1848 manus
691 1769 910 1861 armaverit,
930 1771 981 1844 ab
998 1770 1153 1848 inermis
1172 1767 1535 1875 pedibusauxilium

131 1915 279 1998 petere,
307 1899 349 1974 in
371 1924 550 1974 maxumo
567 1911 674 1973 metu
698 1893 849 2003 nudum
866 1909 905 1970 et
926 1919 1070 1970 caecum
1091 1920 1228 1998 corpus
1243 1895 1293 1970 ad
1313 1893 1431 1974 hostis
1448 1926 1535 1978 von-

132 2035 217 2098 tere
268 2024 421 2101 Deinde
440 2024 649 2113 Volucem,
675 2018 861 2124 quoniam
879 2015 1034 2094 hostilia
1062 2017 1221 2110 faceret,
1245 2021 1373 2096 Iovem
1401 2045 1535 2100 maxu-

133 2171 241 2223 mum
268 2148 493 2239 obtestatus,
525 2161 571 2221 ut
587 2143 734 2220 sceleris
754 2159 870 2247 atque
890 2141 1059 2247 perfidiae
1081 2141 1220 2219 Bocchi
1246 2144 1348 2220 testis
1374 2143 1533 2241 adesset,

135 2295 177 2346 ex
197 2274 331 2348 castris
345 2272 452 2348 abire
471 2271 588 2347 iubet
636 2268 707 2344 Ille
732 2268 950 2345 lacrumans
967 2290 1091 2358 orare,
1113 2293 1164 2342 ne
1184 2291 1228 2342 ea
1253 2267 1446 2346 crederet:
1473 2271 1535 2348 ni-

137 2392 192 2470 hil
211 2389 305 2473 dole
328 2396 495 2487 factum,
509 2422 554 2471 ac
571 2375 689 2500 magis
708 2370 918 2466 calliditate
938 2387 1157 2501 Iugurthae,
1182 2391 1246 2466 cui
1260 2390 1437 2471 videlicet
1451 2421 1534 2502 spe-

137 2521 285 2598 culanti
305 2521 377 2596 iter
399 2547 513 2596 suum
527 2516 725 2624 cognitum
745 2530 845 2590 esset
896 2515 1089 2605 Ceterum,
1116 2515 1301 2618 quoniam
1325 2500 1450 2624 neque
1475 2520 1536 2599 in·

140 2662 287 2747 gentem
305 2642 596 2721 multitudinem
615 2638 794 2728 haberet,
818 2652 857 2712 et
869 2661 952 2741 spes
971 2663 1136 2742 opesque
1160 2638 1241 2716 eius
1267 2667 1312 2716 ex
1330 2659 1440 2746 patre
1465 2671 1535 2723 suo

137 2768 348 2869 penderent
359 2801 371 2864 3
395 2766 546 2844 credere
566 2764 680 2853 illum
700 2760 800 2836 nihil
816 2757 946 2865 palam
961 2787 1163 2853 ausurum,
1187 2789 1310 2868 quum
1336 2765 1416 2871 ipse
1435 2766 1536 2847 filius
1587 2835 1592 2840 .

142 2893 237 2968 testis
256 2891 424 2970 adesset:
452 2915 571 2994 quare
591 2902 795 2992 optumum
812 2885 958 2962 factum
978 2885 1117 2978 videri,
1141 2889 1351 2992 permedia
1374 2892 1455 2970 eius
1476 2921 1538 2971 ca·

145 3095 223 3165 Paris.
237 3098 338 3171 ΒΜ.
358 3096 428 3158 Tur.
447 3098 534 3158 Bern.
547 3117 573 3156 ι.
594 3115 641 3157 eos
661 3114 721 3159 om.
743 3093 831 3152 Palat.
845 3110 873 3152 2.
892 3093 973 3171 quod
985 3100 1139 3172 postquem
1152 3091 1287 3154 auditum
1300 3105 1341 3156 esi
1355 3116 1416 3157 om,
1438 3097 1536 3162 'ouem

145 3224 173 3280 7.
192 3225 219 3265 sc
232 3206 377 3288 proditos.
398 3224 427 3266 se
442 3224 504 3264 om.
520 3203 605 3263 Rem.
627 3200 725 3264 Guelf.
740 3219 765 3258 ι.
777 3197 807 3258 3.
826 3196 961 3258 Semta.
982 3195 1082 3257 llcuss.

222 3334 295 3417 Cap.
319 3356 385 3417 ¹⁰7·
410 3335 514 3394 cadem
528 3330 696 3392 oestumaw
722 3328 818 3387 Sonat.
839 3348 866 3386 ι.
887 3329 976 3388 Palat
995 3347 1022 3387 a.
1037 3325 1066 3398 l.
1083 3327 1112 3388 6.
1134 3332 1206 3412 Reg.
1226 3325 1386 3392 munusue
1405 3331 1489 3394 Rem.
1506 3355 1536 3396 a.

147 3435 211 3498 l'in.
223 3461 249 3500 2.
268 3443 366 3502 Senat.
381 3461 409 3500 2.
429 3438 529 3497 llenss.
548 3437 629 3499 vra.
649 3455 675 3493 a.
691 3435 721 3498 3.
742 3430 932 3491 existumabat
949 3431 1034 3492 Bern.
1054 3455 1081 3495 ι.
1107 3433 1289 3495 aestimabat
1315 3441 1411 3498 ceteri.
1428 3441 1535 3520 prohi-

147 3541 224 3604 lebat
240 3547 327 3607 Bern.
341 3567 367 3605 ι.
387 3545 457 3604 Τιιι.
476 3550 583 3621 geram
602 3539 681 3604 leid.
692 3537 724 3595 b.
732 3559 773 3596 m.
793 3537 863 3596 Vin.
877 3556 904 3595 a.
924 3535 1009 3601 Bern.
1025 3559 1050 3601 1.
1062 3537 1091 3598 3.
1111 3549 1200 3599 antea
1210 3541 1312 3620 parcre
1330 3543 1398 3604 Seu.
1413 3565 1438 3604 ι.
1450 3542 1536 3606 Febr.

152 3666 178 3710 a.
205 3649 300 3713 Gucll.
314 3649 344 3711 3.
356 3670 386 3730 9.
407 3666 461 3708 nec
477 3649 579 3708 decere
597 3665 681 3725 ptem
698 3662 802 3702 manus
821 3641 898 3700 Edit.
916 3643 1061 3723 princeps.
1087 3657 1171 3722 quem
1193 3666 1297 3707 manus
1316 3647 1420 3710 Franc.
1441 3649 1537 3713 Guell

154 3773 195 3820 ιι.
216 3755 290 3816 tud.
303 3764 360 3820 vet.
378 3752 460 3816 Leid.
477 3773 518 3811 m.
528 3771 560 3810 n.
581 3749 666 3809 Bern.
682 3768 708 3806 ι.
727 3745 824 3805 Tunc.
846 3765 951 3804 manus
967 3745 1017 3824 qui
1035 3745 1130 3812 Guell.
1141 3747 1170 3818 Δ.
1191 3752 1234 3810 ad
1251 3751 1362 3813 hostem
1377 3763 1451 3820 verr,
1470 3756 1538 3817 sen,

155 3877 179 3942 ι.
197 3860 275 3926 hid,
290 3882 322 3920 n.
333 3861 471 3940 fecerat:
492 3856 570 3935 isque
583 3853 683 3914 lovem
694 3871 837 3930 magnwn
864 3849 961 3910 Guell.
973 3851 1002 3922 l.
1033 3848 1096 3911 lov.
1115 3871 1256 3931 magnarii
1276 3858 1362 3916 etiam
1376 3858 1436 3924 Erl,
1457 3881 1539 3922 max,

154 3959 208 4024 lav.
226 3967 293 4031 vin.
306 3985 334 4031 a.
354 3964 452 4028 Guelf.
467 3983 492 4022 1.
512 3960 563 4020 alii
575 3959 634 4018 duo
645 3979 679 4018 ex
693 3955 774 4016 Cort.
794 3953 944 4016 excurris
959 3954 1078 4015 Gruteri
1087 3955 1163 4016 libri.
1186 3958 1269 4019 Febr.
1281 3981 1306 4020 ι.
1326 3962 1422 4028 Struv.
1433 3963 1537 4028 ane.

156 4062 242 4132 cuer.
256 4094 281 4136 ι,
293 4071 324 4134 3.
334 4071 364 4133 6.
384 4055 466 4130 rabi.
480 4087 508 4127 a.
529 4064 610 4147 Berg.
629 4058 812 4142 laeid.g.h.i.
833 4059 874 4119 sie
893 4058 992 4119 Pemb.
1011 4059 1101 4118 Mark.
1116 4072 1152 4123 Λ.
1175 4059 1259 4122 Bodl.
1280 4062 1351 4147 lleg.
1373 4065 1431 4128 Erl.
1452 4067 1537 4132 Bern.

159 4193 183 4237 ι.
198 4156 290 4240 linio.
310 4196 401 4261 prcp.
415 4194 476 4233 om.
491 4169 588 4232 ceteri.
607 4185 696 4228 orare
715 4185 776 4224 om.
795 4162 893 4223 Turis.
914 4173 946 4221 ct
968 4163 1061 4242 iungis
1079 4183 1155 4224 unus
1171 4165 1255 4225 Paris.
1275 4167 1325 4227 cui
1342 4169 1477 4234 videlicet
1495 4195 1537 4255 sp.

156 4278 234 4345 videl.
258 4305 319 4346 orn.
339 4267 452 4350 labris·
471 4296 499 4339 a.
519 4291 638 4356 opesque
648 4271 712 4332 eius
727 4289 816 4353 pron.
834 4287 896 4328 om.
916 4267 1002 4330 Bern-
1019 4289 1046 4328 ι.
1067 4267 1135 4330 Tur.
1152 4271 1274 4332 credere
1295 4270 1387 4335 itum.
1408 4279 1539 4340 crederet

1023 4371 1049 4429 *
