3850 4867
299 349 305 360 -
385 292 443 376 ,56

380 511 489 576 eunt
529 495 704 600 Plerique
726 521 873 588 eorum,
902 501 972 602 qui
991 517 1081 576 ante
1106 527 1168 578 me
1186 504 1392 579 sententiae
1412 504 1617 592 dixerunt,
1642 526 1798 606 compo-
1908 516 1909 533 ¹

390 625 459 704 rite
478 627 593 727 atque
618 621 818 726 magnifice
838 649 968 698 cusum
991 625 1213 729 reipublicae
1238 626 1405 703 miserati
1431 643 1546 706 eunt:
1584 651 1672 728 quoe
1702 624 1795 702 helli

390 749 530 826 aaevitia
562 762 670 834 esset,
696 771 781 854 quae
801 746 906 824 victis
930 747 1158 841 acciderent,
1183 777 1473 853 enumerarem
1503 748 1588 854 rapi
1614 749 1795 855 virginer,

391 899 548 982 pueros:
569 869 698 950 divelli
722 868 858 946 liberor
877 895 899 946 u
918 887 1123 973 parentum
1146 875 1369 981 compleant
1399 891 1536 952 manus
1557 877 1794 954 familiarum

388 999 492 1108 pali,
517 1021 602 1102 quae
626 994 832 1070 victoribus
848 992 1137 1072 collibuisoentz
1166 995 1257 1074 fana
1281 1015 1398 1103 atque
1417 997 1548 1078 domos
1567 1001 1796 1106 exspoliari3

391 1123 534 1201 caedem
547 1181 557 1213 ‚
572 1119 750 1198 incendia
772 1117 1079 1224 flammam
1091 1120 1226 1212 armis,
1238 1122 1503 1213 cadaveribus,
1517 1141 1797 1226 cruoremque

387 1247 502 1325 luctu
522 1245 650 1323 omnia
676 1242 867 1346 compleri.
901 1241 991 1333 Sed,
1021 1269 1091 1348 per
1109 1245 1209 1320 Deos
1234 1245 1475 1323 immortalia!
1508 1274 1586 1350 qno
1617 1248 1685 1324 illa
1713 1273 1797 1322 ora·

390 1372 447 1448 tio
466 1369 678 1477 pertinuit?
715 1393 782 1455 an,
812 1365 871 1441 uti
898 1389 961 1442 voe
986 1364 1138 1444 infectos
1166 1368 1431 1446 coniurationi
1458 1369 1620 1446 faceret?
1653 1369 1797 1446 scilicet

383 1521 508 1598 ‚quem
527 1519 585 1580 reo
605 1507 711 1570 tanta
734 1505 848 1594 atque
869 1505 946 1564 lam
962 1505 1071 1566 atrox
1090 1516 1172 1568 non
1186 1492 1389 1596 permovit,
1415 1519 1505 1568 eum
1524 1494 1646 1570 oratio
1666 1519 1797 1568 acoen-
1910 1538 1911 1565 1

392 1619 465 1695 det.
502 1619 588 1694 Non
610 1617 663 1692 ita
681 1630 753 1706 θεῖς
786 1639 910 1718 neque
932 1612 1115 1716 cuiquam
1138 1614 1366 1690 ,mortalium
1392 1614 1545 1692 iniuria
1567 1641 1646 1692 suoe
1672 1639 1797 1721 parvae
1910 1604 1911 1607 ¹

389 1743 593 1820 ¹videntur:
617 1739 732 1815 multi
753 1761 814 1812 eas
834 1738 983 1842 gravius
999 1763 1109 1840 aequo
1126 1735 1305 1814 habuere.
1346 1738 1419 1814 Sed
1437 1739 1512 1814 alia
1535 1740 1620 1816 aliis
1643 1738 1797 1815 lioentia

391 1883 462 1958 eet,
495 1869 620 1942 Patren
644 1859 869 1964 conscripti3
900 1860 970 1965 qui
994 1859 1144 1935 demissi
1174 1860 1217 1936 in
1247 1861 1407 1938 obscmo
1429 1861 1547 1938 vitam
1573 1860 1738 1951 habent,
1763 1862 1799 1936 oi

383 1990 489 2095 ,quid
508 1986 708 2067 iracundia
734 1983 945 2085 deliquere,
972 1983 1091 2087 pauci
1112 1983 1260 2077 sciunt5
1288 1983 1391 2058 foma
1420 1999 1535 2087 atque
1559 1984 1715 2062 fortuna
1737 2009 1800 2058 eo-
1911 1996 1912 2077 l

385 2143 480 2197 :rum
495 2136 608 2226 pares
631 2125 743 2184 sunt:
778 2106 847 2210 qui
871 2133 1009 2208 magno
1027 2107 1194 2209 ‚imperio
1226 2106 1379 2211 praediti
1404 2106 1446 2183 in
1475 2107 1619 2184 excelso
1649 2123 1799 2183 aetatem

389 2253 533 2345 agunt,
561 2258 696 2310 eorum
717 2228 816 2304 facta
844 2230 975 2304 cuncti
998 2228 1175 2305 mortales
1195 2255 1341 2305 novere.
1382 2232 1438 2304 lta
1462 2229 1504 2306 in
1529 2255 1707 2307 maxuma
1724 2228 1802 2304 for-

388 2375 507 2450 ¹tuna,
530 2355 709 2436 minuma
732 2352 886 2430 licentia
905 2369 979 2445 est3
1001 2379 1126 2454 neque
1144 2352 1316 2442 studere,
1341 2377 1465 2456 neque
1480 2353 1614 2443 odisse,
1638 2352 1703 2429 aed
1729 2352 1800 2426 mi-

390 2509 509 2558 nume
523 2480 632 2560 irasci
659 2479 783 2567 decot;
808 2501 893 2578 quae
911 2475 1017 2578 apud
1035 2476 1129 2551 alios
1149 2475 1349 2552 iracundia
1370 2475 1532 2566 dicitur,
1556 2503 1600 2552 ea
1620 2477 1661 2552 in
1678 2477 1802 2580 irnpe-
1912 2526 1913 2557 r

390 2604 450 2680 rio
468 2603 644 2708 superbia
666 2617 782 2702 nuque
805 2597 1009 2672 crudelitas
1035 2597 1261 2701 adpellatur.
1309 2599 1503 2702 Equidem
1523 2627 1591 2704 ego
1613 2601 1668 2674 sic
1691 2615 1803 2674 resm-

390 2755 473 2818 mo,
496 2731 622 2802 Patres
653 2721 877 2826 conscripti,
903 2720 1026 2795 omnis
1056 2721 1247 2796 cruciatus
1266 2722 1453 2812 minores,
1481 2749 1599 2826 quam
1625 2723 1797 2798 facinora

391 2909 437 2970 iis.
457 2905 554 2970 Guell.
568 2907 599 2967 5.
621 2923 722 2966 omnes
735 2900 815 2964 Leld.
843 2897 953 2960 sevitia
972 2907 1051 2959 macr.
1062 2901 1148 2976 sorel
1163 2897 1225 2959 Bar.
1240 2899 1268 2963 3.
1284 2911 1380 2961 ‘esrem
1397 2899 1467 2960 Tur.
1485 2920 1512 2960 a.
1532 2911 1572 2961 err
1593 2921 1670 3007 uque
1688 2902 1803 2962 wasoi.

390 3015 495 3076 lr'lreroa
512 3034 541 3074 o.
556 3033 622 3096 por.
644 3012 810 3093 parentium
826 3005 887 3066 Bas.
903 3005 932 3067 ὅ.
953 3003 1131 3068 collibuisset.
1153 3002 1238 3063 Born-
1254 3022 1282 3064 a.
1303 3005 1406 3064 domor
1418 3003 1539 3083 spoliari
1556 3025 1638 3064 omn.
1656 3008 1712 3064 lere
1725 3005 1806 3065 Cor-

392 3122 426 3183 rii
443 3119 521 3181 libri.
540 3119 622 3182 Leid.
636 3138 661 3176 c.
677 3137 702 3176 c.
719 3113 750 3172 h.
764 3113 784 3172 i.
799 3113 827 3170 k.
846 3113 865 3168 l.
886 3132 926 3168 m.
948 3107 1034 3166 multi
1049 3107 1153 3167 Waraii
1170 3106 1268 3167 Codd.
1295 3106 1357 3167 llas.
1370 3129 1395 3166 ι.
1408 3127 1435 3168 a.
1455 3107 1524 3168 Tur.
1540 3129 1565 3169 ι.
1578 3129 1606 3169 a.
1627 3109 1710 3168 Bern.
1730 3130 1757 3172 a.
1774 3115 1804 3174 ὅ.

392 3237 420 3288 ct
434 3237 496 3286 lom
513 3233 602 3284 atrox
623 3232 715 3300 ruerq.
737 3216 821 3277 Faba.
852 3213 913 3279 Bar.
933 3233 958 3270 r.
974 3211 1031 3272 md
1054 3213 1083 3282 d.
1112 3211 1162 3271 Ac.
1183 3211 1250 3272 Ecc.
1269 3211 1366 3274 Strur.
1386 3211 1488 3276 Vinar.
1503 3233 1531 3271 a.
1552 3211 1637 3272 Rem.
1657 3236 1681 3278 ι.
1703 3215 1804 3273 Renes.

393 3335 491 3414 plures
503 3327 600 3392 Guell.
623 3326 708 3386 Beru.
724 3345 750 3383 2.
773 3345 812 3381 m.
828 3341 872 3402 pr.
893 3319 921 3379 3.
941 3317 1038 3378 oratio
1060 3317 1243 3376 accenderet.
1260 3315 1361 3376 vimr.
1380 3337 1405 3376 r.
1427 3315 1524 3375 Gueli.
1537 3315 1565 3376 3.
1586 3318 1682 3378 Suur.
1703 3319 1804 3378 lleuas.

392 3435 477 3494 Rem.
494 3455 519 3493 1.
538 3434 634 3492 Senot.
650 3450 677 3490 a.
708 3427 769 3486 olio
788 3426 853 3486 aliis
872 3425 919 3488 lic.
936 3431 987 3482 ese.
1012 3430 1052 3480 art
1073 3421 1157 3480 omis.
1189 3419 1304 3480 Fabric.
1321 3439 1348 3480 a.
1376 3421 1444 3480 aliis
1459 3419 1520 3479 aua
1540 3423 1600 3480 inc.
1616 3443 1641 3480 2.
1662 3423 1759 3481 Sonat.
1773 3444 1803 3482 a.

393 3537 506 3598 Fabric.
518 3557 544 3598 a.
564 3537 632 3596 vin.
648 3555 673 3592 ι.
694 3533 791 3592 Gucll.
811 3552 854 3590 rr.
874 3549 919 3588 ια.
948 3525 973 3582 T
975 3546 1018 3586 ur.
1039 3545 1063 3588 1.
1084 3523 1150 3582 alio
1166 3532 1208 3582 ert
1226 3523 1296 3584 dn.
1332 3521 1394 3583 Bar.
1410 3525 1439 3594 4.
1469 3522 1562 3583 vitam
1578 3525 1686 3584 habent
1705 3525 1805 3586 Nam.

395 3641 541 3703 Commel.
569 3643 656 3703 Palal.
680 3639 811 3697 5.6.12.
844 3635 929 3694 Paris.
946 3629 1014 3694 ab.
1026 3650 1052 3688 c.
1073 3627 1152 3686 Leid.
1164 3629 1184 3691 i.
1210 3625 1273 3686 Bas.
1291 3627 1361 3688 1.3.
1382 3627 1491 3688 et'l'ur.
1512 3648 1536 3687 r.
1568 3649 1624 3710 pro
1639 3632 1717 3690 varia
1736 3634 1805 3690 lect.

327 3811 329 3816 ,
395 3749 456 3810 duo
472 3747 585 3810 Waasii.
605 3745 702 3804 Gucll.
718 3764 743 3801 ι.
756 3763 781 3802 r.
802 3739 885 3800 Fabr.
904 3758 931 3796 a.
953 3735 1036 3812 ilem.
1053 3753 1078 3792 ι.
1100 3733 1166 3792 Son.
1188 3741 1282 3812 uterq.
1300 3731 1351 3796 Ac.
1373 3731 1473 3791 Hense.
1499 3743 1593 3811 agutu-
1614 3737 1710 3794 ceteri.
1721 3738 1800 3812 sor.

396 3865 471 3916 lum
485 3873 595 3915 eorum.
615 3869 702 3933 pron.
721 3846 808 3909 abest.
829 3841 913 3902 Fabr.
930 3861 956 3898 r.
977 3838 1078 3896 Vinar.
1098 3856 1123 3896 r.
1145 3834 1242 3894 Gucll.
1258 3857 1289 3916 9.
1309 3835 1378 3918 Τις.
1400 3836 1534 3896 minuma
1551 3836 1599 3896 lic.
1613 3847 1663 3900 cel.
1683 3847 1725 3896 ert
1742 3859 1805 3903 om.

396 3961 455 4022 Erl.
476 3959 554 4037 quod
570 3977 618 4037 op.
635 3953 708 4014 alios
727 3947 894 4032 iracundie.
916 3943 1014 4003 Guelf.
1033 3943 1060 4000 5.
1082 3960 1116 4000 eo
1130 3939 1164 3997 in
1186 3939 1318 4020 imperio.
1338 3939 1465 4000 eodeeat
1479 3941 1511 4000 in
1526 3939 1611 4003 Rom.
1630 3962 1655 4000 1.
1676 3939 1761 4002 Febr.
1775 3961 1806 4002 a.

396 4069 439 4127 ric
452 4073 580 4125 (calamo.
601 4061 661 4120 Bas.
677 4080 702 4122 r.
719 4079 745 4118 2.
767 4053 862 4115 Guell.
881 4071 906 4110 2.
926 4051 952 4107 5.
974 4045 1116 4105 exclamo
1129 4046 1217 4123 longe
1233 4044 1355 4123 plurimi
1376 4043 1454 4103 libri.
1475 4043 1589 4105 sceleris
1611 4065 1712 4106 eorum
1734 4067 1806 4106 orn·

332 4229 337 4240 ,
398 4191 449 4232 ner
459 4169 516 4230 iere
527 4166 604 4227 libri.
625 4163 764 4237 rscoiors.
786 4159 852 4217 Eoo.
873 4157 967 4216 Strur.
994 4151 1044 4211 lc.
1066 4159 1159 4228 uterq.
1179 4147 1246 4210 Son.
1268 4149 1326 4208 ine.
1348 4147 1419 4206 Fab.
1440 4147 1519 4207 Leid.
1534 4149 1553 4206 l.
1571 4147 1601 4208 lr.
1614 4149 1641 4207 k.
1655 4153 1728 4209 Lm.
1742 4149 1805 4209 Bra

397 4300 428 4338 ,ι.
443 4277 470 4354 i.
486 4274 515 4337 ὅ.
531 4275 559 4345 l.
579 4272 647 4335 vin.
666 4291 690 4333 1.
722 4266 820 4330 lleuso.
848 4261 944 4325 Guell.
960 4278 987 4324 2.
1001 4255 1029 4321 3.
1042 4257 1070 4325 l.
1089 4274 1134 4314 ro.
1154 4271 1258 4314 rma.
1288 4248 1373 4311 Bern.
1396 4273 1420 4310 ι.
1440 4271 1467 4311 2.
1482 4253 1510 4312 3.
1535 4255 1653 4331 gratim
1670 4264 1721 4314 aar
1743 4254 1808 4312 ini.
