3850 4867
1494 332 1541 428 47

129 550 225 599 cum
248 520 473 597 auctoritate
493 544 553 594 ars
575 516 707 593 critica
732 515 933 621 saepissime
956 515 1108 591 nititur.
1149 515 1315 619 Operose
1337 514 1455 621 igitur
1476 516 1545 593 illa

129 639 346 714 lectionum
361 636 596 711 variantium
618 634 792 709 collectio
812 634 861 708 ad
881 633 974 707 salsa
997 631 1236 707 exturbanda
1262 649 1301 707 et
1319 633 1369 706 ad
1383 660 1470 707 vera
1487 660 1546 709 re·

127 754 326 829 stituenda
350 753 565 857 plurimum
588 752 699 833 valet
735 748 891 825 Accedit
912 748 1040 851 quod,
1063 748 1209 823 etiamsi
1234 749 1275 821 in
1298 748 1425 833 libris,
1450 774 1546 853 quos

128 869 359 957 contuleris,
382 868 560 943 lectiones
579 894 660 943 non
683 866 889 954 inveneris,
916 892 1004 968 quae
1019 865 1177 969 receptis
1195 864 1272 937 sint
1292 865 1619 968 proeserendae,

129 996 249 1086 (quae
269 1000 396 1059 tamen
417 1010 590 1058 meorum
615 983 802 1057 librorum
823 1010 904 1057 non
928 999 985 1057 est
1006 982 1132 1072 ratio)
1160 997 1286 1055 tamen
1310 980 1433 1054 multa
1459 981 1547 1058 edo·

129 1101 254 1188 ceris,
273 1126 359 1202 quae
381 1100 422 1173 in
440 1116 522 1175 arte
546 1100 677 1174 critica
703 1098 915 1203 gravissima
942 1114 1044 1175 sunt.
1089 1100 1149 1173 Do
1171 1098 1291 1173 causis
1315 1097 1549 1201 corruptela-

129 1244 225 1290 rum
252 1216 467 1291 accuratius
486 1242 705 1319 cognosces,
730 1242 808 1317 quo
840 1216 1022 1290 orationis
1049 1241 1184 1317 genere
1213 1240 1301 1287 usus
1325 1214 1375 1287 sit
1395 1231 1549 1306 auctor,

128 1330 229 1406 hinc
251 1332 489 1436 optissimum
504 1331 711 1435 intelliges,
735 1331 784 1405 de
804 1331 892 1433 ipsis
905 1330 1133 1406 lectionibus
1152 1330 1390 1404 variantibus
1409 1331 1548 1407 rectius

128 1462 294 1535 statues,
321 1464 359 1522 et
383 1448 506 1521 multo
530 1448 700 1550 paratius
720 1463 836 1549 atque
858 1446 1079 1521 instructius
1102 1444 1152 1518 ad
1174 1446 1347 1520 criticam
1373 1474 1549 1525 exercen-

128 1564 225 1639 dam
241 1563 403 1639 accedes.
430 1564 636 1639 Salustium
656 1561 762 1667 quod
780 1561 920 1638 attinet
938 1559 1012 1637 hoe
1033 1577 1222 1636 assecutus
1234 1588 1335 1652 sum,
1358 1580 1405 1637 ut
1424 1564 1547 1641 multa

214 1830 260 1887 vel
279 1850 323 1887 xv.
344 1830 470 1909 scriptus
486 1828 647 1887 Catilinam
669 1836 698 1886 et
721 1824 899 1909 Jugurtham
925 1828 1070 1889 continet.
1111 1831 1193 1891 Fuit·
1209 1830 1282 1889 olim
1310 1829 1342 1887 in
1366 1828 1548 1891 bibliotheca

213 1924 365 1985 laurentii
377 1928 530 2000 Sertorii,
547 1924 627 1985 unde
643 1936 757 1985 emtum
772 1946 840 1983 cum
857 1926 958 1985 ceteris
970 1925 1054 1985 libris
1068 1932 1127 1987 suis
1138 1927 1176 1985 ll.
1188 1927 1236 1985 rr.
1251 1926 1367 1985 Diezius
1384 1926 1550 1987 bibliotbe·

215 2042 256 2083 cas
277 2022 374 2104 Regiae
396 2025 511 2105 legavit.
541 2021 616 2081 cod.
632 2022 827 2081 Berolinensis
851 2024 900 2083 lV.
919 2025 997 2082 inter
1018 2024 1195 2097 Diezianos,
1217 2025 1270 2103 qui
1292 2025 1386 2081 forma
1404 2024 1548 2103 quadrata

215 2130 287 2178 sunt
307 2133 354 2198 49.
378 2124 413 2178 In
438 2120 534 2179 fronte
554 2118 677 2199 quidam
696 2122 810 2178 notavit
828 2120 896 2183 Sacc.
913 2120 994 2178 lllll.
1017 2121 1130 2180 librum
1156 2120 1213 2177 sihi
1236 2130 1384 2177 exaratum
1405 2121 1497 2180 rideri
1518 2131 1548 2180 et

215 2234 285 2275 sane
303 2216 489 2293 antiquitatis
511 2218 638 2296 speciem
660 2218 793 2295 praefert,
814 2215 954 2275 ductibus
974 2219 1126 2275 literarum
1142 2218 1297 2296 saepissime
1319 2216 1459 2281 evanidis.
1479 2217 1547 2278 Non
1630 2204 1633 2208 ἢ

214 2331 309 2390 pauca
327 2314 384 2370 alia
402 2332 507 2370 manus
528 2310 705 2370 emendavit.
727 2311 925 2371 berolinensis
937 2311 973 2371 V.
994 2314 1072 2371 inter
1085 2313 1281 2370 Santeuianos
1293 2327 1360 2392 249.
1381 2312 1546 2374 Membran.

215 2410 349 2483 octonis,
369 2408 464 2467 nitide
490 2406 540 2466 sed
568 2417 734 2466 atramento
763 2409 867 2486 saepius
894 2411 1070 2487 pallescente
1102 2419 1233 2467 exaratus
1253 2410 1322 2467 Sacc.
1346 2430 1390 2468 xv.
1415 2412 1547 2469 continet

214 2524 284 2564 cum
303 2507 374 2563 alias
389 2504 541 2565 Ciceronis
556 2504 653 2564 Oratt.
682 2515 746 2562 tum
768 2506 935 2563 luvectivas.
964 2504 1227 2564 Berolinensisl'l.
1253 2506 1546 2566 interSantenianos.
1579 2552 1586 2557 -

215 2621 266 2682 7²·
287 2600 465 2662 Chartacens
483 2604 552 2662 Saec.
566 2602 629 2667 XV.
651 2604 787 2675 octonis;
810 2604 862 2682 qui
882 2613 911 2662 et
929 2605 992 2683 ipse
1010 2604 1172 2663 lurectiras
1196 2604 1353 2679 continet,
1374 2624 1447 2683 quas
1468 2604 1549 2661 inte·

213 2716 279 2778 gras
299 2699 335 2758 V.
352 2698 388 2757 D.
408 2720 476 2757 cum
497 2700 628 2759 editione
640 2706 711 2758 inea
733 2700 871 2759 contulit.

255 2794 369 2854 Horum
390 2794 484 2853 Codd.
508 2798 560 2875 qui
578 2798 726 2877 integrum
757 2794 919 2853 Catilinam
940 2808 970 2855 et
991 2793 1171 2877 Jugurthnm
1190 2797 1362 2868 continent,
1383 2800 1497 2877 primus
1518 2810 1548 2858 et

213 2892 360 2953 secundus
378 2893 552 2966 deteriores,
567 2896 668 2952 tertius
687 2902 716 2952 et
731 2904 867 2971 quartus,
888 2894 1023 2952 meliores
1037 2914 1097 2952 esse
1109 2892 1256 2951 ridentur.
1277 2890 1356 2951 Cum
1368 2894 1401 2952 in
1420 2900 1443 2955 l.
1465 2906 1494 2954 et
1506 2895 1546 2956 ΙΙ.

213 2987 424 3071 orthographia
444 2992 664 3069 corruptissima
686 2992 742 3063 sit,
761 3001 822 3049 cet
841 2998 867 3065 t,
888 3002 947 3048 eet
959 3010 995 3048 oe
1015 3000 1144 3063 mutata,
1165 2990 1198 3046 in
1212 2994 1266 3048 lll.
1280 2999 1309 3048 et
1328 2989 1378 3048 lv.
1389 2992 1546 3073 aliquoties

212 3102 317 3162 quom,
338 3106 496 3157 maxumo,
519 3086 617 3145 lubido
631 3089 773 3167 scriptum
793 3088 842 3147 sit.
873 3088 1026 3146 Lectiones
1047 3086 1167 3166 quidem
1188 3083 1297 3143 horum
1314 3086 1458 3145 librorum
1473 3108 1546 3167 pro-

212 3184 291 3261 prias
320 3185 511 3262 paucissimas
529 3184 647 3255 imeni3
670 3184 720 3241 sed
748 3186 906 3263 aliquoties
932 3186 1091 3242 meliorum
1120 3184 1325 3241 auctoritatem
1355 3187 1544 3245 confirmant.

210 3278 324 3337 Primus
344 3280 466 3360 quidem
486 3280 641 3339 nonnullis
665 3282 738 3339 locis
761 3281 877 3340 brerior
895 3283 960 3361 ipso
975 3281 1080 3340 Cortio
1097 3294 1158 3354 est,
1179 3280 1313 3360 quamvis
1326 3281 1429 3361 glossis
1447 3280 1545 3339 abnn-

209 3374 272 3435 dat.

252 3472 361 3531 Paucas
376 3474 516 3532 lectiones
540 3471 755 3531 transcribam:
779 3471 870 3531 Catil.
891 3494 914 3533 ι.
937 3473 1139 3532 animantibus
1154 3472 1249 3531 Berol.
1270 3494 1294 3531 r.
1310 3474 1339 3532 3.
1362 3477 1546 3536 omnisnos·

209 3568 364 3628 traund.
382 3568 475 3629 beluis
495 3592 519 3629 t.
537 3590 563 3629 2.
585 3570 661 3628 Nam
672 3574 846 3651 priusquam
859 3570 887 3630 3.
899 3573 926 3641 4.
943 3572 1055 3654 indiget
1072 3572 1138 3641 Μ.
1160 3604 1179 3618 -
1200 3593 1224 3629 c.
1239 3592 1266 3629 2.
1288 3604 1306 3618 -
1326 3586 1354 3632 et
1371 3577 1502 3635 tumrita
1517 3594 1544 3635 ι.

209 3668 351 3725 transiere
368 3666 396 3725 5.
414 3669 442 3737 4.
469 3684 492 3714 -’
509 3667 573 3726 c.3.
596 3698 614 3713 ·
640 3665 679 3728 At
694 3666 768 3726 mihi
789 3668 910 3748 quidem
935 3669 963 3728 3.
985 3671 1013 3739 l.
1034 3670 1189 3728 tamenetsi
1209 3670 1240 3728 B.
1257 3670 1285 3729 3.
1318 3672 1377 3749 (m,
1394 3673 1459 3751 pr.)
1480 3694 1545 3753 quae

208 3762 431 3841 reprehenderis
454 3764 579 3843 (delicta
603 3766 723 3842 omisit)
747 3780 774 3837 4.
796 3764 896 3824 studio
915 3766 951 3824 ll.
979 3788 1009 3845 p.
1032 3769 1108 3825 latus
1128 3788 1152 3824 1.
1175 3766 1277 3846 ibique
1301 3772 1396 3826 multa
1425 3769 1543 3829 adversa

208 3860 241 3930 Α.
260 3892 279 3905 -
298 3882 323 3919 e.
341 3862 369 3931 4.
392 3894 411 3907 -
431 3863 536 3921 disidia
557 3884 580 3919 ι.
602 3864 721 3942 incepto
735 3862 861 3921 ambitio
882 3884 907 3921 ι.
931 3864 1046 3941 quoda
1066 3886 1117 3943 spe
1145 3884 1170 3921 ι.
1192 3865 1331 3942 inprimis
1350 3866 1543 3926 memorabile

211 3958 389 4022 1.-c.51.
412 3962 568 4018 -animus
590 3960 745 4040 providet,
767 3960 818 4018 ubi
839 3980 862 4017 ι.
887 3960 1000 4039 inpulsi
1024 3982 1049 4024 r.
1071 3963 1157 4039 copia
1178 3970 1217 4019 est
1240 3960 1425 4023 memorandi
1439 3995 1463 4016 .-
1487 3965 1544 4040 (est

207 4053 243 4113 in
264 4052 282 4111 3
302 4056 402 4113 locum
424 4067 520 4115 mutat
539 4059 571 4114 in
595 4072 613 4129 4
633 4080 674 4123 m.
695 4079 751 4117 sec.
770 4057 904 4135 addidit)
926 4061 1141 4117 consuluerunt
1163 4078 1186 4117 ι.
1201 4078 1227 4121 a.
1243 4058 1272 4117 3.
1285 4061 1314 4128 4.
1342 4059 1479 4119 dimisere
1492 4081 1542 4121 eoa

206 4163 235 4207 ι.
255 4153 350 4208 multa
373 4154 501 4211 uelanda
518 4155 650 4213 facinora
675 4176 700 4219 ι.
723 4156 784 4233 (m.
799 4152 877 4232 sec.)
899 4156 927 4225 d.
949 4158 1017 4235 plus
1038 4166 1111 4235 aput
1128 4176 1180 4214 ros
1198 4158 1294 4214 valeat
1315 4178 1340 4214 r.
1356 4178 1384 4220 2.
1398 4156 1426 4215 3.
1442 4159 1470 4225 l.
1493 4179 1542 4215 ex-

204 4255 310 4325 uperat
330 4266 356 4317 r,
377 4268 405 4309 a.
439 4250 544 4311 domos
570 4254 691 4333 spoliari
719 4274 743 4314 ι.
763 4273 790 4313 2.
808 4256 836 4321 3.
854 4253 883 4324 l.
911 4272 1017 4313 cruore
1033 4256 1119 4313 luctu
1139 4252 1170 4313 3.
1196 4255 1403 4334 conjuratione
1421 4256 1540 4319 laceret.
