3850 4867
402 306 453 384 60

402 491 611 592 Postquam
638 485 853 595 respublica
884 487 1077 581 adolevit,
1112 505 1152 566 et
1180 485 1433 566 multitudine
1457 482 1600 562 civium
1623 477 1797 580 medones

404 613 577 704 valuere,
602 612 877 690 cimumvenire
903 611 1151 705 innoeentes,
1185 615 1262 692 alia
1288 609 1553 688 huiuseemodi
1575 604 1659 683 lieri
1684 625 1799 706 coepe·
1827 623 1839 660 -·’

403 763 446 816 re
458 771 469 834 ;
495 755 579 816 tum
602 739 662 816 lex
684 737 816 814 Porcia
840 735 1001 840 aliaeque
1023 736 1120 844 leger
1143 755 1287 844 parata
1306 754 1421 835 sunt5
1444 736 1586 845 quibua
1613 725 1797 838 (legibus)

403 862 580 942 exsilium
600 861 791 939 damnatis
811 862 1036 967 permissum
1052 864 1116 940 es‘t
1148 865 1260 940 Hanc
1276 890 1345 969 ego
1367 888 1554 952 caussam,
1568 863 1699 934 Patres
1719 879 1800 929 con·

402 987 553 1092 scripti,
578 1013 657 1090 quo
679 986 808 1064 minue
830 1013 975 1064 novum
997 988 1202 1064 eonsilium
1229 987 1443 1092 capiamus,
1467 987 1510 1062 in
1541 983 1678 1089 primis
1706 1005 1800 1081 mag·

402 1139 494 1190 nem
510 1127 616 1218 puto,
654 1111 825 1212 Profecto
848 1111 968 1188 virtue
984 1129 1100 1216 atque
1116 1113 1301 1217 sapientia
1325 1112 1449 1188 maior
1468 1111 1510 1186 in
1533 1109 1608 1184 illis
1627 1106 1725 1196 fuit,
1740 1100 1799 1208 qui

400 1263 447 1314 ex
470 1239 594 1341 parvis
611 1238 747 1343 opibus
765 1252 919 1313 tantum
935 1235 1141 1341 imperium
1157 1236 1294 1328 feoere,
1318 1265 1438 1343 quam
1457 1237 1500 1312 in
1523 1233 1652 1324 nobis,
1679 1228 1749 1336 qui
1764 1252 1801 1301 ea

401 1361 498 1438 bene
518 1379 628 1466 parta
652 1363 716 1440 vix
737 1363 952 1440 retinemus.
998 1361 1127 1438 Plaeet
1145 1363 1264 1468 igitur
1285 1389 1348 1442 eos
1367 1362 1509 1438 dimitti
1542 1376 1581 1436 et
1597 1355 1732 1464 augeri
1746 1381 1805 1430 ex·-

399 1485 563 1563 ercitum
588 1487 786 1566 Catilinael
811 1486 1004 1580 minume3
1025 1486 1090 1564 ted
1117 1486 1170 1563 ita
1197 1513 1355 1566 censeo:
1389 1483 1643 1594 publicandas
1673 1505 1799 1558 eorum

398 1611 601 1715 pecuniae,
627 1611 724 1716 ipson
745 1611 787 1688 in
808 1609 973 1689 vinculis
1001 1607 1198 1688 habendos
1215 1641 1286 1718 per
1303 1610 1535 1716 municipia,
1557 1635 1646 1712 quae
1675 1631 1800 1682 maxu-

398 1761 459 1812 me
477 1735 613 1840 opibus
634 1736 780 1814 valent:
800 1763 877 1812 neu
890 1735 977 1840 quie
995 1736 1043 1812 de
1061 1735 1121 1812 his
1139 1754 1266 1841 postea
1282 1737 1334 1812 ad
1348 1754 1525 1814 senatum
1544 1733 1704 1824 reserat,
1716 1754 1801 1806 nere

396 1885 488 1938 curn
513 1861 658 1966 populo
681 1877 767 1966 agat
790 1893 798 1934 :
824 1859 893 1964 qui
921 1861 1035 1937 aliter
1055 1861 1206 1952 feeerit,
1230 1863 1414 1940 Senatum
1435 1863 1686 1950 existumare,
1718 1880 1798 1932 eum

404 1999 538 2062 eontra
555 1985 834 2091 rempublicam
856 2001 895 2061 et
909 1986 1072 2062 salutem
1084 1987 1260 2064 omnium
1272 1988 1501 2067 facturum.”

358 2115 395 2176 52
503 2114 708 2216 Postquam
735 2112 856 2186 Cmsar
879 2109 1033 2186 dicendi
1057 2109 1174 2187 finem
1194 2112 1305 2203 fecit,
1329 2112 1443 2188 ceteri
1470 2109 1585 2187 verbo
1615 2109 1716 2184 alius
1738 2102 1797 2178 alii
1876 2118 1877 2133 ¹

405 2235 507 2312 varie
540 2235 885 2312 adsentiebantur:
924 2251 966 2312 at
985 2237 1036 2310 Μ
1066 2227 1221 2312 Porcius
1249 2241 1360 2328 Cato,
1380 2254 1530 2345 rugatus
1550 2233 1797 2317 sententiam,

296 2359 306 2372 ”
404 2358 667 2436 huiuscemodi
686 2360 897 2436 orationem
919 2356 1067 2436 habuit
1103 2363 1260 2468 „Iunge
1290 2361 1386 2438 mihi
1411 2363 1488 2438 alia
1514 2387 1621 2438 mens
1639 2379 1714 2451 est,
1736 2363 1799 2434 Pa·

406 2498 478 2558 tren
512 2484 737 2589 eonscripti‚
771 2510 896 2587 quum
924 2509 984 2562 rea
1012 2500 1128 2589 atque
1157 2487 1328 2590 pericula
1354 2504 1480 2563 nostra
1508 2486 1729 2576 considero,
1764 2500 1797 2558 et

405 2629 527 2708 quum
548 2606 751 2682 sententiae
769 2609 1051 2686 nonnullorum
1074 2610 1153 2715 ipse
1177 2638 1327 2688 mecum
1350 2629 1497 2717 reputo.
1534 2612 1597 2688 llli
1618 2612 1717 2690 mihi
1730 2609 1797 2688 dir

403 2729 559 2804 seruisse
585 2730 764 2806 videntur
797 2731 846 2808 de
868 2759 985 2836 poena
1009 2760 1162 2825 eorum,
1187 2735 1255 2839 qui
1279 2737 1431 2840 patria,
1454 2738 1699 2844 parentibus,
1729 2734 1796 2813 au‘t

403 2869 520 2958 atque
544 2853 635 2928 focis
662 2854 739 2930 suis
776 2855 922 2930 bellum
943 2886 1155 2962 paravere:
1193 2887 1250 2937 ree
1276 2880 1405 2966 autem
1433 2881 1578 2955 monet,
1603 2889 1734 2940 carere
1751 2859 1794 2934 ab
1876 2874 1877 2939 .

399 2977 478 3054 illis
496 2977 643 3084 (magis)
662 3007 798 3084 quam,
823 2979 920 3084 quid
944 2981 986 3058 in
1010 2981 1094 3059 illos
1115 3001 1344 3079 statuamus,
1369 2987 1593 3066 consultare.
1630 2989 1729 3064 Nam
1744 3009 1795 3060 oe

399 3161 452 3226 illo
474 3171 559 3244 ternp.
580 3161 632 3224 illo
648 3161 747 3224 delent
764 3163 848 3224 liem.
866 3184 891 3223 ι.
912 3147 979 3226 ine.
994 3186 1021 3224 ι.
1049 3165 1185 3227 urrimum
1199 3169 1389 3231 advertebant
1417 3171 1479 3234 duo
1495 3172 1609 3235 wanti.
1638 3171 1794 3235 eiratmot·

400 3269 466 3331 nire
494 3269 556 3330 Bar.
577 3291 601 3336 ι.
623 3289 649 3330 a.
669 3279 763 3352 uterq.
784 3267 896 3338 Fabria
916 3270 977 3332 ine.
1009 3270 1077 3332 Vin.
1090 3292 1119 3333 ι.
1149 3273 1233 3334 Paris.
1246 3296 1274 3335 a.
1290 3273 1321 3337 b.
1336 3297 1362 3338 ο
1377 3277 1409 3337 d.
1428 3275 1517 3339 Αοοὰ.
1536 3279 1633 3340 Sonat
1649 3301 1675 3340 ι.
1703 3279 1791 3338 Strur·
1876 3298 1877 3325 ι

399 3371 498 3435 Guoli.
516 3396 540 3436 ι.
556 3396 585 3437 a.
598 3381 626 3440 3.
639 3376 667 3436 5.
679 3397 709 3458 9.
727 3396 773 3435 ιο.
792 3395 837 3436 ιι.
856 3397 902 3437 ιι.
929 3375 1137 3441 ammonet
1153 3382 1249 3443 cebri.
1279 3380 1343 3442 alia
1359 3380 1569 3450 bmitreemadi.
1589 3384 1706 3465 uimque
1728 3385 1790 3446 tun.

402 3495 431 3537 ι.
451 3477 514 3538 Βιι.
528 3499 556 3540 a.
576 3481 643 3540 San.
660 3501 686 3546 ι.
708 3479 805 3542 Gneli.
823 3501 848 3542 ι.
864 3483 894 3544 8.
913 3483 984 3544 Tur.
999 3504 1025 3550 ι.
1045 3505 1088 3546 ιιι.
1098 3505 1155 3548 tec.
1175 3485 1261 3547 liora.
1276 3506 1304 3547 ι.
1323 3496 1353 3548 et
1366 3487 1429 3548 elia
1457 3489 1518 3555 inc.
1536 3511 1562 3550 ι.
1583 3489 1719 3574 Gueli7.
1739 3489 1791 3546 lu-
1876 3514 1877 3573 j

401 3579 528 3643 ἰιιοιιιοιίἰ
559 3582 630 3650 Feb.
643 3597 738 3668 uterq.
758 3589 818 3652 inc.
833 3607 860 3648 a.
882 3588 982 3650 lienis.
1004 3590 1100 3653 Gneli.
1119 3613 1186 3674 r.9.
1205 3612 1251 3653 ιο.
1271 3592 1394 3674 olimque
1407 3593 1491 3674 legen.
1511 3595 1674 3676 legadelet
1699 3593 1788 3656 Gueli.

404 3705 451 3746 ιο.
471 3687 552 3749 Laid.
565 3689 586 3748 f.
606 3689 692 3755 Bern.
703 3711 731 3750 ι.
753 3691 856 3770 quibua
872 3693 989 3774 legibue.
1016 3696 1100 3775 tegat.
1119 3699 1205 3758 omia.
1228 3697 1343 3761 Fabrir.
1355 3720 1383 3760 a.
1410 3700 1470 3766 inc.
1486 3722 1511 3762 ι.
1532 3702 1631 3764 Guell.
1646 3703 1675 3764 3.
1700 3705 1788 3783 plures

399 3791 478 3854 nivii
491 3805 520 3854 et
536 3793 639 3857 Waatii
653 3793 731 3856 libri.
757 3796 842 3858 Bern.
860 3819 885 3860 1.
915 3809 1120 3880 paratarum.
1145 3802 1205 3869 Eri.
1224 3824 1328 3865 omnes
1343 3804 1423 3866 leid.
1453 3806 1516 3866 lim.
1534 3807 1648 3869 ΤιιΜ.
1665 3827 1785 3888 campan

397 3907 476 3958 runt.
496 3899 566 3960 Tur.
581 3919 606 3964 ι.
626 3899 711 3966 Βοιιι.
729 3921 754 3968 ι.
772 3903 943 3983 permitam
955 3916 997 3966 ert
1026 3908 1087 3976 Eri.
1106 3929 1210 3970 omnes
1221 3909 1302 3975 Laid.
1321 3909 1385 3976 Βιι.
1404 3911 1474 3972 Τοι.
1500 3931 1555 3993 ego
1568 3913 1650 3974 Ιιοιιο
1667 3930 1787 3974 earam·

396 4001 459 4066 Bas.
477 4026 503 4066 ι.
522 4003 607 4068 Fabr.
624 4026 649 4068 ι.
666 4017 695 4068 et
709 4009 830 4089 plurimi
843 4008 921 4072 libri.
940 4033 977 4074 ea
993 4011 1173 4096 ὀοιοροηο.
1192 4018 1324 4084 anomia.
1342 4016 1411 4085 Εοο.
1429 4017 1481 4081 Aa.
1502 4039 1602 4102 nupt.
1621 4019 1787 4101 deiuipot·
1876 4042 1877 4047 ¹

396 4120 444 4172 tea
463 4112 585 4195 plurimi
601 4107 678 4176 libri.
699 4115 784 4178 dat.
803 4115 901 4179 Gneli.
916 4115 945 4190 l.
967 4118 1093 4187 Fabae.
1113 4121 1236 4202 nequi.
1256 4123 1337 4190 leid.
1353 4127 1375 4184 i.

459 4239 532 4325 Cup.
547 4243 596 4304 52.
617 4243 818 4306 amanteum
838 4247 896 4308 inc.
915 4269 940 4308 ι.
959 4247 1056 4312 strar.
1074 4247 1142 4311 Son.
1154 4270 1183 4311 a.
1203 4251 1301 4313 Gueli.
1316 4257 1345 4317 t.
1359 4254 1390 4322 8.
1403 4257 1518 4339 aliquot
1534 4277 1569 4318 ax
1583 4255 1784 4341 mtiqnioribnt

396 4347 482 4413 Ririi.
502 4347 627 4416 Berua.
650 4351 809 4430 longtalia
824 4351 908 4419 mibi.
928 4351 1014 4415 Bern.
1027 4355 1057 4426 4.
1082 4375 1196 4417 aarum
1208 4357 1275 4439 ipro.
1295 4356 1355 4422 boc
1374 4361 1480 4424 ordine
1495 4361 1581 4430 Fabr.
1596 4383 1623 4426 ι.
1649 4365 1748 4426 inorrt
1759 4380 1784 4421 ι.
1876 4412 1877 4439 ¹
