3850 4867
1536 327 1584 428 δι

188 491 403 576 amicorum
424 499 619 612 intentus,
651 529 720 581 sua
739 502 955 611 neglegere,
986 501 1088 580 nihil
1116 501 1321 610 denegare,
1353 504 1459 609 quod
1485 504 1590 614 dono

187 614 353 724 dignum
373 643 487 724 esset,
509 628 584 705 sibi
601 628 1019 736 magnumimperium‚
1039 628 1267 721 exercitum,
1283 657 1428 706 novum
1442 631 1590 708 bellum

186 748 415 850 exoptabat,
450 751 520 828 ubi
548 752 667 832 virtus
688 753 891 832 enitescere
911 769 1042 858 posset
1083 754 1135 829 At
1159 753 1297 832 Catoni
1316 755 1489 832 studium
1508 781 1590 832 mo-

187 861 339 963 destiae,
365 873 528 969 decoris,
552 877 617 955 scd
640 905 817 957 maxume
846 875 1053 954 severitatis
1081 894 1173 954 erat.
1218 880 1306 956 Non
1330 877 1472 957 divitiis
1499 907 1591 960 cum

187 987 324 1087 divite,
350 1025 477 1104 neque
508 1001 674 1080 factione
704 1031 795 1080 cum
817 1000 993 1095 factioso;
1027 999 1094 1078 sed
1122 1028 1212 1080 cum
1240 1019 1396 1081 strenuo
1424 1001 1590 1094 virtute,

182 1139 282 1210 ‚cum
304 1124 472 1202 modesto
491 1128 659 1230 pudore,
683 1155 773 1206 cum
800 1127 1007 1204 innocente
1029 1125 1260 1202 abstinentia
1280 1129 1471 1224 certabat,
1494 1154 1591 1206 esse,

158 1261 162 1268 '
188 1269 310 1347 quam
334 1249 473 1342 videri,
506 1253 631 1329 bonus
657 1252 824 1330 malebat
831 1283 842 1347 3
867 1249 941 1342 ita,
976 1249 1208 1354 quominus
1233 1250 1395 1355 gloriam
1416 1253 1595 1358 petebat,

187 1395 236 1448 eo
262 1372 379 1479 magis
397 1377 635 1482 sequebatur.

290 1501 513 1604 Postquam,
538 1518 584 1577 ut
609 1499 706 1591 dixi,
732 1500 891 1577 &naurs
913 1497 954 1575 in
984 1497 1138 1575 Catonis
1160 1498 1388 1575 sententiam
1405 1498 1642 1593 discessit,55

193 1621 338 1700 Consul
359 1641 564 1730 optumum
583 1624 730 1702 factum
750 1641 874 1716 ratus,
898 1639 1067 1712 noctem,
1093 1648 1180 1726 quae
1198 1623 1380 1715 instabat,
1395 1641 1595 1730 antecape-

191 1773 255 1840 re,
280 1751 446 1854 nequid
471 1777 516 1827 eo
541 1751 664 1857 spatio
695 1765 921 1840 novaretur,
952 1748 1209 1838 Triumviros,
1241 1773 1328 1851 quie
1360 1748 1597 1854 supplicium

190 1874 427 1979 postulabat,
451 1902 587 1982 parare
613 1872 745 1951 iubet:
770 1874 865 1978 ipse,
884 1871 1075 1978 dispositis
1095 1870 1296 1976 praesidiis,
1321 1875 1531 1951 Lentulum
1553 1877 1596 1952 in

191 2026 384 2080 carcerem
406 2000 594 2078 deducit:
628 1999 730 2075 idem
754 1995 798 2070 fit
822 1997 952 2072 ceteris
982 2022 1052 2101 per
1082 1999 1293 2071 Praetorm‘
1315 1997 1382 2072 Est
1412 1997 1518 2074 locus
1553 2000 1596 2075 in

192 2152 361 2218 carcere,
386 2124 491 2234 quod
517 2123 744 2200 Tullianum
764 2119 1002 2225 adpellatur,
1026 2119 1096 2194 ubi
1116 2119 1340 2224 paullulum
1362 2119 1597 2199 descenderis

192 2249 246 2326 ad
268 2250 419 2354 laevam,
443 2249 595 2326 circiter
619 2246 822 2324 duodecim
842 2243 956 2350 pedes
974 2242 1087 2320 humi
1108 2244 1309 2348 depressus
1348 2247 1450 2322 Eum
1466 2247 1599 2323 muni-

194 2389 271 2454 unt
300 2374 475 2476 undique
503 2373 663 2478 parietes
688 2385 805 2474 atque
825 2368 981 2472 insuper
1003 2394 1174 2460 camera,
1207 2368 1366 2474 lapideis
1387 2371 1597 2448 fornicibus

194 2501 350 2578 vincta:
373 2499 439 2578 sed
455 2498 630 2587 incultu,
656 2493 837 2586 tenebris,
861 2491 978 2570 odore
992 2491 1096 2568 soeda
1116 2509 1232 2598 atque
1253 2493 1432 2571 terribilis
1444 2497 1525 2574 eius
1543 2495 1623 2588 fa„

194 2627 270 2704 cies
288 2643 351 2704 est
383 2627 431 2701 In
454 2651 543 2700 eum
560 2622 690 2698 locum
706 2635 909 2724 postquam
928 2617 1108 2693 demissus
1135 2634 1191 2693 est
1207 2619 1409 2712 Ientrrlus,
1432 2621 1600 2698 vindices

196 2780 327 2831 rerum
345 2749 588 2856 capitalium,
608 2745 749 2851 quibus
770 2758 1006 2849 praeoeptum
1022 2758 1122 2833 erat,
1144 2743 1281 2846 laqueo
1300 2743 1431 2850 gulam
1448 2745 1599 2853 begere

291 2947 366 3034 Cup.
382 2950 430 3012 55.
450 2959 483 3010 nt
499 2948 568 3010 diei
581 2969 642 3007 om.
658 2944 740 3007 Leid.
753 2941 785 3010 b.
805 2941 1084 3024 optumumsoctwn
1102 2941 1198 3004 strar.
1218 2940 1270 3003 Ac.
1292 2941 1390 3008 Guels.
1407 2945 1435 3010 6.
1445 2947 1475 3006 8.
1491 2966 1537 3005 ιο.
1554 2965 1600 3006 12.

196 3057 328 3124 birri-r.
343 3057 490 3139 primitur.
511 3051 729 3134 odoupplicium
744 3049 867 3130 plurimi
881 3046 960 3108 libri.
981 3045 1031 3105 ted
1047 3047 1090 3106 od
1107 3067 1218 3106 erasum
1232 3050 1263 3106 in
1280 3047 1342 3114 Bes.
1357 3071 1382 3108 ι.
1401 3049 1486 3110 Febr.
1500 3071 1526 3110 r.
1546 3071 1601 3110 nec

196 3163 365 3227 habuerunt
376 3161 537 3246 aliqnando
552 3159 649 3220 Guelf.
658 3157 688 3220 3.
708 3176 755 3216 ιο.
774 3154 842 3216 Son.
856 3172 884 3218 a.
904 3151 1005 3217 Heus.
1023 3150 1084 3211 Pel.
1100 3170 1146 3211 ιο.
1157 3161 1187 3210 et
1199 3172 1227 3211 a.
1237 3151 1307 3212 Tur.
1321 3175 1346 3214 1.
1364 3155 1516 3234 postulant
1529 3154 1600 3219 Feb.

201 3291 230 3332 ι.
242 3269 428 3353 postulabant
440 3269 499 3330 inc.
513 3289 539 3328 ι.
551 3265 648 3326 Guell.
664 3285 709 3324 ιι.
726 3258 845 3343 praedi.
859 3257 933 3339 disp.
947 3256 1007 3317 Erl.
1028 3255 1090 3316 Bas.
1106 3276 1133 3317 a.
1146 3256 1176 3317 3.
1195 3257 1264 3317 Tur.
1281 3280 1305 3318 ι.
1322 3280 1349 3320 a.
1369 3259 1453 3320 Bern.
1466 3280 1493 3322 a.
1516 3261 1601 3321 deecit

197 3375 335 3438 Goellb.
356 3375 525 3436 Commod
540 3365 803 3432 incumbebat.
817 3363 881 3430 r.3.
902 3363 973 3423 Tur.
990 3383 1016 3422 ι.
1030 3361 1116 3424 Bern.
1129 3369 1158 3427 3.
1171 3364 1228 3424 loc.
1242 3383 1303 3423 om.
1318 3363 1381 3425 Bas.
1391 3365 1421 3437 4.
1438 3367 1604 3428 oscendere

197 3487 241 3546 iu
251 3482 373 3566 plurimi
386 3478 485 3542 Codd.
505 3474 697 3538 descenderis.
717 3473 820 3541 Bos
840 3471 925 3532 Rem.
944 3480 1039 3550 uterq.
1065 3469 1132 3529 Sen.
1150 3489 1178 3530 a.
1198 3469 1302 3532 Franc.
1322 3471 1381 3531 inc.
1406 3492 1431 3530 1.
1455 3471 1604 3536 Commel.

198 3593 262 3654 Pel.
274 3609 303 3650 a.
324 3609 365 3648 m.
378 3606 437 3648 seo.
455 3585 540 3646 bern.
556 3605 581 3644 ι.
609 3578 770 3644 escenderit
788 3576 904 3638 Tbosan
921 3575 1043 3634 Palmer.
1063 3573 1199 3655 probavit
1215 3574 1297 3635 Cort.
1326 3575 1445 3638 circiter
1460 3598 1520 3638 om.
1535 3581 1604 3664 Τις,

197 3695 303 3758 vineto
323 3705 353 3756 et
374 3693 476 3753 iuncto
500 3700 529 3750 et
546 3690 616 3749 elias
637 3695 766 3758 mutate,
791 3681 851 3743 boe
873 3699 992 3762 quoque
1013 3681 1081 3738 loeo
1105 3682 1271 3760 promiscue
1286 3681 1463 3745 scribuntur.
1493 3686 1607 3758 incultu

200 3800 270 3862 tte.
290 3799 437 3863 Commel.
457 3795 519 3854 Bas.
531 3815 558 3854 a.
570 3792 599 3853 ὅ.
620 3801 714 3872 uterq.
734 3790 802 3852 Seu.
823 3785 920 3846 Guell.
937 3805 962 3843 ι.
975 3783 1002 3848 5.
1028 3781 1111 3843 Laid.
1124 3781 1155 3849 h,
1172 3787 1193 3844 l.
1212 3806 1252 3845 ιιι.
1271 3808 1302 3846 ιι.
1321 3789 1391 3866 sao.
1409 3799 1461 3852 est.
1484 3801 1525 3852 est
1544 3814 1606 3855 om.

200 3907 288 3968 bern.
307 3926 334 3966 t.
363 3902 496 3966 &cussus
516 3900 584 3960 vin.
598 3917 625 3957 a.
645 3894 731 3956 Febr.
745 3913 772 3954 ο.
792 3892 896 3952 Frane.
917 3887 970 3950 Αο.
989 3886 1053 3947 list·
1065 3908 1093 3949 a.
1121 3899 1215 3972 uterq.
1234 3891 1318 3954 lieni.
1336 3896 1398 3956 ine.
1414 3917 1439 3955 ι.
1461 3896 1560 3958 Guelf.
1581 3920 1606 3960 ι.

206 4034 234 4075 2.
246 4013 276 4084 Α.
289 4012 317 4074 5.
331 4011 361 4074 8.
373 4029 403 4090 9.
415 4028 462 4068 ιο.
482 4015 523 4066 est
536 4026 553 4064 a
565 4004 665 4064 multia
680 3998 761 4061 libris
777 3999 897 4068 οιιιιΙοῑ,
916 3993 966 4054 sed
986 3993 1113 4055 retinent
1129 4013 1232 4088 qmnet
1248 3995 1310 4056 Bar.
1331 3998 1416 4065 bern.
1437 4001 1506 4062 Tor.
1527 4001 1607 4064 leid.

202 4116 337 4182 vindicer
345 4133 443 4176 rerum
456 4110 636 4192 capitalium.
646 4109 688 4168 sic
696 4105 838 4166 meliores.
850 4098 912 4160 bec
922 4097 1039 4158 Curtius
1053 4099 1161 4158 omisit.
1185 4098 1296 4162 indices
1307 4101 1392 4164 Rem.
1401 4107 1569 4188 uterqsen.
1582 4130 1606 4173 ι,

204 4222 268 4284 nu.
278 4221 340 4293 μά.
358 4221 419 4282 inc.
430 4238 458 4280 a.
478 4215 575 4276 Guell.
586 4215 615 4276 6.
629 4215 658 4279 8.
669 4235 698 4296 9.
719 4203 966 4272 Francinuuets.
979 4223 1006 4262 2.
1016 4211 1046 4262 et
1061 4202 1131 4263 Fab.
1149 4225 1174 4270 ι.
1192 4225 1235 4265 ιιι.
1245 4226 1301 4270 tec.
1312 4229 1414 4270 omna
1423 4210 1507 4279 Paris,
1520 4212 1604 4273 ἰηάῐ.

1084 4331 1111 4386 s·
