3850 4867
387 337 442 418 68

391 521 449 596 Ita
469 518 535 597 ille
555 520 753 626 patricius,
777 547 824 597 ex
842 535 952 627 gente
971 517 1189 597 clarissuma
1207 518 1489 611 Corneliorum,
1505 517 1575 622 qui
1588 517 1790 598 consulare
1886 498 1888 598 l

392 643 598 750 imperium
625 646 755 722 Romae
784 642 996 735 babuerat,
1019 643 1181 751 dignum
1208 644 1379 721 moribus
1404 643 1590 747 factisque
1610 644 1686 719 suis
1711 645 1790 718 eri-

392 768 490 844 tium
514 770 602 846 vitae
625 769 781 846 invenit.
826 771 887 846 De
910 767 1091 874 Cethego,
1116 769 1283 861 Statilio,
1308 767 1495 859 Gabinio,
1519 768 1697 872 Coepario
1728 795 1791 842 eo·
1886 808 1887 825 .

343 891 477 969 ⁵6dem
502 893 618 971 modo
637 891 871 999 supplicium
892 911 1091 998 sumptum
1108 909 1171 970 est
1217 895 1324 970 Dum
1353 919 1397 969 ea
1422 892 1552 968 Romae
1575 909 1790 997 geruntur,

392 1016 558 1094 Catilina
582 1017 754 1094 exomni
776 1018 903 1124 copia,
928 1044 1048 1122 quam
1064 1034 1104 1094 et
1120 1019 1199 1123 ipse
1219 1017 1445 1108 adduxerat,
1469 1033 1508 1092 et
1522 1015 1694 1092 Manlius
1719 1015 1789 1090 lm·

390 1139 549 1228 tuerat,
584 1140 680 1218 duas
709 1141 871 1247 legiones
906 1141 1074 1218 instituit
1086 1174 1097 1236 3
1130 1139 1302 1218 cobortes
1329 1168 1401 1247 pro
1428 1167 1591 1215 numero
1616 1141 1791 1216 militum
1886 1150 1887 1153 ’

389 1267 574 1370 complet=
599 1263 757 1356 deinde,
779 1281 826 1340 ut
851 1265 1014 1369 quisque
1037 1265 1276 1342 voluntarius
1307 1281 1375 1340 aut
1401 1293 1447 1340 ex
1468 1265 1576 1340 sociis
1602 1265 1643 1340 in
1664 1281 1790 1340 castra

388 1406 566 1481 venerat,
594 1389 792 1494 aequaliter
810 1387 1073 1478 distribuerat,
1098 1416 1143 1464 ac
1161 1389 1267 1465 brevi
1288 1389 1410 1494 spatio
1436 1388 1599 1493 legiones
1624 1415 1790 1464 numero

388 1512 594 1588 bominum
611 1512 848 1617 expleverat3
872 1540 996 1616 quum
1014 1510 1127 1588 initio
1152 1539 1233 1588 non
1254 1511 1420 1617 amplius
1437 1511 1587 1588 duobus
1614 1512 1789 1588 millibus

389 1636 589 1713 habuisset
629 1637 700 1712 Sed
717 1637 885 1713 exomni
911 1637 1020 1741 copia
1044 1637 1195 1711 circiter
1217 1662 1304 1740 pars
1328 1654 1465 1741 quarta
1497 1653 1579 1710 erat
1610 1636 1791 1712 militari-

390 1761 461 1836 bus
488 1762 602 1838 armis
628 1761 829 1855 instructa3
853 1761 986 1851 ceteri,
1011 1776 1057 1835 ut
1087 1785 1278 1863 quemque
1303 1785 1408 1836 casus
1437 1775 1668 1852 armaverat,
1699 1787 1789 1866 spa·

390 1911 450 1962 ros
476 1902 544 1962 aut
570 1885 733 1977 lanceas,
764 1884 830 1961 alii
854 1901 1062 1988 praeacutas
1092 1883 1201 1959 sudes
1226 1884 1443 1987 portabant.
1486 1885 1560 1961 Sed
1581 1902 1788 1990 postquam

389 2010 579 2086 Antonius
599 2037 687 2086 oum
708 2009 876 2084 exercitu
895 2006 1141 2096 adventabat,
1172 2006 1338 2082 Catilina
1369 2033 1438 2110 per
1457 2026 1605 2084 montes
1634 2010 1708 2086 iter
1729 2011 1787 2085 sa-

390 2161 491 2225 cere,
515 2133 701 2210 modoad
726 2133 878 2224 urbem,
903 2130 1018 2207 modo
1046 2131 1089 2206 in
1118 2129 1286 2206 Galliam
1314 2157 1438 2206 versus
1463 2149 1583 2207 castra
1607 2160 1787 2226 morere3

389 2257 562 2334 hostibus
588 2257 823 2333 occasionem
854 2253 1054 2361 pugnandi
1090 2281 1170 2330 non
1206 2253 1298 2330 dare
1310 2288 1322 2350 3
1356 2254 1533 2360 sperabat
1563 2259 1787 2362 propediem

391 2409 548 2490 magnas
570 2383 696 2492 copias
724 2378 1069 2469 mohabitarum,
1091 2378 1124 2453 si
1148 2379 1276 2453 Romae
1298 2377 1389 2454 socii
1425 2379 1576 2486 incepta
1602 2381 1788 2488 patravis-

392 2603 445 2646 ces.
465 2579 534 2644 Vin.
547 2599 573 2642 2.
594 2579 682 2642 lead.
703 2580 798 2642 saus.
816 2578 913 2638 Sonat.
929 2597 957 2638 2.
978 2577 1080 2638 licon.
1098 2575 1184 2638 Bern.
1195 2597 1223 2638 2.
1255 2577 1364 2639 iridices
1379 2576 1517 2640 vindicer.
1532 2602 1561 2641 r.
1571 2600 1598 2642 c.
1611 2581 1664 2662 qui
1677 2595 1785 2645 contro

390 2688 460 2748 Tur.
475 2708 504 2749 2.
519 2705 574 2766 per
591 2684 700 2746 iudices
721 2683 789 2744 Ecc.
806 2683 982 2765 periodicas
1000 2683 1113 2744 Fabric.
1127 2703 1154 2742 2.
1173 2682 1271 2743 Goell.
1288 2685 1353 2745 rt.
1373 2685 1435 2743 Bm.
1449 2705 1477 2750 2.
1499 2685 1569 2748 Tur.
1581 2708 1608 2748 r.
1626 2687 1696 2772 Τις.
1712 2693 1786 2771 plu-

390 2794 459 2853 n'mi
472 2791 587 2852 Gruteri
600 2789 678 2850 libri.
707 2789 865 2851 unimores
876 2799 903 2850 ct
924 2787 1010 2850 vind.
1029 2808 1106 2849 unus
1115 2789 1229 2851 Wamii.
1248 2798 1314 2849 crat
1331 2808 1421 2870 proec.
1441 2788 1503 2850 Bas.
1523 2812 1549 2850 1.
1562 2791 1591 2863 i.
1607 2811 1699 2872 proec.
1709 2797 1786 2872 suo-

392 2907 439 2957 rot
460 2894 548 2958 Bem.
563 2917 589 2955 1.
600 2895 748 2976 frangere
767 2892 864 2956 Guell.
884 2914 910 2953 ι.
923 2895 951 2956 5.
971 2914 1009 2955 aa
1032 2901 1118 2973 genta
1133 2895 1208 2953 clar.
1235 2892 1305 2976 Teg.
1332 2892 1394 2954 Bas.
1409 2915 1434 2954 r.
1448 2915 1475 2954 2.
1491 2893 1562 2968 M.
1589 2895 1688 2960 Turic.
1710 2919 1737 2960 t.
1756 2920 1783 2960 2.

391 3001 475 3065 Bam.
491 3001 520 3063 5.
535 3023 564 3086 g.
582 3019 665 3062 corn.
685 3001 724 3062 cl.
742 2997 827 3059 Bam.
841 3019 868 3058 2.
881 2999 918 3059 cl.
928 3021 959 3079 g.
974 2995 1069 3060 Corn.
1088 2997 1173 3058 Cort.
1190 2995 1311 3058 erilium
1328 2999 1397 3061 vtro
1416 2999 1502 3061 Febr.
1517 3024 1542 3062 t.
1559 3022 1587 3063 2.
1607 3023 1705 3086 nupt.
1722 3004 1784 3064 Bas.

394 3130 419 3170 t.
438 3107 511 3170 2.“5.
530 3129 570 3169 m.
585 3128 641 3168 sec.
661 3125 763 3167 omnes
773 3104 859 3164 Paris.
878 3104 959 3165 leid.
976 3125 1003 3165 a.
1017 3103 1047 3163 b.
1065 3125 1092 3164 c.
1107 3100 1138 3161 d.
1153 3100 1185 3163 b.
1198 3106 1220 3162 l.
1235 3125 1276 3169 m.
1296 3104 1369 3172 Tur.
1387 3127 1412 3168 ι.
1431 3106 1531 3166 liner.
1545 3127 1576 3166 2.
1593 3108 1691 3171 Sunt.
1714 3110 1782 3172 Eae.

388 3216 455 3276 Seu.
472 3235 497 3276 1.
525 3215 624 3273 ileum.
644 3211 743 3272 Gucll.
756 3231 781 3270 ι.
795 3229 821 3270 2.
834 3214 862 3275 3.
873 3211 900 3281 l.
911 3211 938 3269 5.
949 3210 979 3269 6.
993 3230 1021 3290 7.
1041 3207 1157 3270 Fabric.
1175 3218 1205 3268 et
1217 3211 1274 3290 alii
1285 3208 1346 3270 duo
1358 3208 1423 3272 Rir.
1443 3209 1529 3270 Bcrn.
1546 3233 1571 3271 ι.
1592 3211 1645 3278 lib.
1664 3213 1691 3274 ’2.
1710 3213 1782 3297 lieg.

389 3320 487 3385 Pemb.
508 3319 685 3383 Mari.r.lt.
705 3315 818 3378 celuim
837 3318 932 3376 ceteri.
958 3311 1264 3375 condelectetur.
1292 3323 1332 3376 est
1345 3323 1481 3376 nuatum.
1503 3315 1603 3377 Gucli.
1618 3339 1665 3379 ro.
1685 3323 1781 3382 etalii

389 3435 524 3508 quatuor.
550 3434 590 3484 est
608 3422 668 3483 duo
680 3421 783 3484 Wastii
801 3421 951 3482 omittunt.

451 3549 526 3634 Cap.
542 3553 594 3613 56..
611 3553 684 3612 ditm
697 3550 769 3611 buc.
789 3549 850 3614 inc.
867 3570 892 3608 ι.
913 3545 1009 3606 Gucli.
1020 3569 1049 3628 7.
1068 3545 1132 3606 ilas.
1149 3545 1178 3618 i.
1198 3566 1234 3606 eo
1249 3567 1310 3612 om.
1330 3547 1391 3614 llas.
1408 3568 1433 3610 r.
1455 3549 1600 3612 cohortaris
1613 3554 1646 3614 in
1667 3558 1780 3616 vetustis

389 3660 446 3743 legi
461 3667 544 3720 notat
558 3655 625 3718 ltiv.
643 3657 806 3736 iterumque
820 3656 911 3734 paulo
932 3655 1017 3712 infra.
1036 3651 1116 3713 venit
1127 3651 1243 3714 Fabric.
1260 3665 1357 3736 uterq.
1375 3653 1435 3714 Eri.
1454 3653 1523 3738 Teg.
1544 3655 1702 3722 distribuit.
1720 3660 1779 3721 Bas.

390 3763 420 3824 3.
440 3763 524 3827 Rem.
540 3781 565 3824 ι.
586 3758 784 3821 distribuebat.
804 3755 885 3818 Leid.
899 3757 919 3815 i.
945 3755 1023 3817 brevi
1045 3756 1183 3836 legiones.
1208 3757 1445 3840 (spotioomiaso)
1476 3759 1562 3822 Bern.
1579 3783 1605 3823 r.
1633 3768 1722 3827 modo
1739 3769 1780 3826 od

390 3867 501 3928 urbem.
518 3866 559 3928 sic
581 3883 682 3924 omnes
701 3863 759 3924 lere
777 3859 873 3920 Codd.
900 3859 942 3918 od
959 3859 1058 3919 urbem
1073 3861 1172 3920 modo.
1202 3864 1292 3922 modo
1315 3861 1411 3929 Gucll.
1427 3886 1457 3946 9.
1478 3865 1512 3926 in
1532 3865 1662 3928 Galliam
1675 3891 1779 3931 versus.

390 3973 475 4034 Prisc.
496 3969 532 4030 do
547 3969 614 4030 xli.
634 3987 706 4030 vert.
726 3964 799 4032 len.
814 3986 879 4044 cap.
900 3963 946 4024 25.
965 3986 996 4045 p.
1008 3964 1077 4045 357.
1105 3974 1134 4025 et
1147 3965 1260 4047 aliquot
1278 3970 1378 4051 scripti
1398 3968 1495 4036 Codd.
1511 3971 1616 4032 eonii.
1644 3976 1687 4034 nd
1707 3973 1780 4036 cat·

390 4078 462 4138 liam
477 4095 583 4150 veruta.
603 4071 714 4133 Fabric.
729 4091 755 4136 1.
783 4069 845 4132 Bo.
858 4087 886 4127 2.
907 4067 970 4129 inc.
981 4089 1006 4132 1.
1034 4067 1131 4134 Guels.
1142 4069 1170 4134 6.
1197 4083 1331 4132 neutram
1349 4095 1470 4156 praepos.
1496 4065 1657 4138 admittunt
1685 4079 1777 4141 Strur.

388 4185 449 4246 inc.
462 4201 490 4242 2.
510 4179 594 4241 Rem.
610 4199 635 4238 ι.
656 4177 717 4236 Bas.
733 4195 759 4236 r.
778 4173 879 4237 Vinor.
896 4192 927 4234 2.,
943 4170 1056 4234 Fabric.
1070 4192 1098 4237 2.
1126 4173 1229 4239 Franc.
1249 4177 1300 4237 Ac.
1329 4177 1426 4238 (lucil.
1442 4199 1472 4240 2.
1483 4179 1512 4240 5.
1526 4179 1556 4252 4.
1571 4182 1599 4241 5.
1612 4185 1719 4267 7.8.9.
1732 4206 1777 4244 ro.

394 4308 440 4360 ιι.
454 4305 498 4347 22.
518 4281 598 4346 leid.
612 4301 637 4342 e.
649 4281 669 4339 l.
683 4301 711 4361 g.
723 4279 744 4339 i.
755 4299 797 4343 m.
810 4299 840 4336 n.
861 4296 969 4338 novem
978 4275 1082 4337 Wastii
1102 4274 1180 4344 libri.
1199 4277 1272 4339 Tur.
1299 4301 1323 4346 ι.
1344 4281 1452 4343 scilicet
1472 4294 1504 4345 ut
1513 4285 1664 4366 fatigaret
1682 4287 1777 4350 Anto·

391 4393 474 4455 nium
494 4407 561 4454 cum
576 4384 651 4462 tuit,
671 4382 731 4444 boc
748 4386 840 4466 glotta
857 4383 890 4444 in
902 4380 966 4442 Bas.
982 4400 1012 4441 ι.
1028 4391 1095 4463 post
1111 4401 1226 4442 mcum
1241 4385 1355 4466 legitur.
1375 4405 1494 4467 mnam
1505 4387 1625 4454 tabae
1642 4413 1669 4455 t.
1688 4393 1776 4470 teat,
