3850 4867
1530 289 1599 369 155

198 495 309 549 cere:
335 488 524 579 postremo
544 489 691 553 careret
707 471 749 549 id
767 485 895 578 petere
912 497 935 548 a
956 468 1103 577 populo
1117 471 1299 561 Romano,
1324 470 1428 574 quod
1446 469 1505 546 illi
1519 469 1602 547 iure

199 615 414 699 negaretur.
453 603 656 704 Postquam
679 597 763 673 haec
790 613 907 699 atque
932 593 1009 672 alia
1037 593 1129 670 talia
1159 595 1273 688 dixit,
1310 623 1434 698 neque
1453 596 1603 672 animus

198 719 316 795 Marii
332 721 523 816 flectitur,
547 723 760 828 respondit,
786 720 855 796 ubi
878 720 1050 824 primum
1072 718 1254 825 potuisset
1275 747 1345 824 per
1367 721 1515 827 negotia
1532 747 1606 825 pu·

200 843 323 938 blica,
347 846 541 924 facturum
555 874 648 939 sese,
667 873 754 950 quse
771 860 922 949 peteret
961 847 1017 921 Ac
1037 859 1164 949 postea
1185 845 1319 948 saepius
1333 845 1464 922 eadem
1478 861 1607 951 postu-

204 967 303 1044 lanti
331 969 455 1048 fertur
476 972 629 1064 dixisse,
655 998 706 1048 ne
729 970 925 1046 festinaret
952 970 1075 1064 abire;
1103 969 1190 1046 satis
1212 968 1494 1057 matureillum
1518 999 1608 1048 cum

205 1091 286 1169 lilio
309 1121 377 1172 suo
397 1098 640 1172 consulatum
654 1095 876 1200 petiturum.
906 1095 942 1168 Is
962 1121 1007 1169 eo
1030 1111 1198 1198 tempore
1217 1095 1471 1170 contubernio
1490 1095 1610 1200 patris

205 1217 349 1295 ibidem
375 1221 584 1312 militabat,
608 1245 729 1296 annos
756 1233 870 1294 natus
893 1217 1043 1293 circiter
1070 1218 1224 1324 viginti3
1249 1245 1336 1321 quae
1360 1247 1417 1295 res
1441 1220 1610 1296 Marium

207 1367 299 1418 cum
322 1370 393 1447 pro
413 1343 578 1435 honore,
611 1371 726 1447 quem
747 1342 986 1432 adfectabat,
1022 1358 1106 1417 tum
1130 1358 1262 1418 contra
1285 1345 1482 1421 Metellum
1501 1343 1612 1422 vehe-

205 1482 356 1542 menter
374 1468 606 1543 accenderat
632 1471 690 1541 lta
706 1465 889 1562 cupidine
906 1482 1021 1569 atque
1040 1466 1111 1557 ira,
1121 1468 1301 1570 pessumis
1321 1469 1611 1560 consultoribus,

207 1590 387 1696 grassari:
414 1619 539 1694 neque
560 1590 660 1667 facto
677 1591 759 1666 ullo
779 1617 905 1693 neque
924 1590 1027 1665 dicto
1042 1591 1256 1682 (abstinere,
1282 1594 1387 1694 quod
1405 1593 1519 1668 modo
1535 1620 1615 1668 am-

208 1713 391 1790 bitiosum
416 1713 535 1791 foret:
559 1715 719 1806 milites,
747 1715 889 1817 quibus
911 1713 954 1788 in
973 1711 1145 1790 hibernis
1164 1731 1341 1818 praeerat,
1374 1715 1517 1793 laxiore
1543 1717 1616 1792 im-

209 1837 316 1940 perio
346 1864 464 1940 quam
491 1855 603 1914 antea
628 1836 797 1913 habere:
835 1837 942 1942 apud
970 1839 1243 1942 negotiatores,
1278 1867 1445 1942 quorum
1477 1868 1614 1946 magna

210 1959 421 2038 multitudo
438 1961 559 2035 Uticae
584 1977 680 2050 erat,
704 1960 907 2036 criminose
932 1962 1108 2038 simulet
1134 1960 1334 2068 magnifice
1356 1962 1404 2039 de
1432 1965 1533 2039 bello
1559 1965 1617 2042 lo-

210 2084 305 2186 qui:
331 2084 490 2160 dimidia
508 2111 597 2189 pars
624 2086 811 2160 exercitus
834 2086 866 2161 si
896 2084 968 2160 sibi
989 2086 1294 2190 permitteretur,
1318 2087 1449 2190 paucis
1481 2088 1623 2166 diebus

211 2206 441 2314 Iugurtham
454 2208 506 2281 'in
535 2208 678 2284 catenis
695 2207 947 2284 habiturum:
973 2210 1022 2286 ab
1047 2210 1275 2315 imperatore
1296 2183 1469 2286 consulto
1492 2209 1611 2304 trahi,

212 2331 319 2434 quod
334 2329 450 2406 homo
469 2332 593 2409 inanis
616 2348 654 2406 et
669 2332 780 2437 regiae
798 2323 986 2435 superbiae
1002 2331 1163 2438 imperio
1180 2332 1294 2408 nimis
1307 2335 1495 2438 gauderet
1521 2337 1619 2436 Quae

214 2455 345 2532 omnia
370 2454 446 2551 illis
475 2482 520 2531 eo
553 2452 720 2531 firmiora
746 2454 996 2545 videbantur,
1030 2455 1137 2558 quod
1163 2456 1419 2535 diuturnitate
1440 2459 1534 2536 belli
1562 2485 1621 2538 res

211 2577 413 2656 familiaris
435 2595 703 2682 corruperant,
727 2594 766 2653 et
795 2578 925 2654 animo
956 2578 1129 2682 cupienti
1163 2580 1264 2656 nihil
1292 2583 1381 2658 satis
1408 2583 1618 2662 festinatur.

211 2705 308 2781 Erat
326 2719 507 2812 praeterea
527 2703 571 2778 in
591 2703 759 2779 exercitu
777 2719 907 2778 nostro
936 2702 1104 2779 Numida
1129 2706 1305 2807 quidam,
1331 2709 1489 2786 nomine
1511 2704 1666 2789 Gau-65

212 2884 399 2948 common
412 2887 459 2946 vel
476 2884 644 2944 consrdctus
659 2883 780 2965 petendi
797 2881 886 2943 lead.
914 2883 1018 2945 ineert.
1037 2885 1107 2946 Eco.
1128 2886 1225 2946 Guell.
1237 2887 1266 2951 ὅ.
1283 2887 1311 2959 d.
1326 2890 1355 2948 6.
1366 2913 1394 2971 7.
1405 2913 1434 2971 9.
1449 2912 1494 2952 10.
1513 2912 1559 2952 ιι.
1574 2913 1620 2954 ιι.

214 2990 299 3051 Laid.
308 2989 339 3050 d.
347 3011 375 3072 g.
385 2987 418 3049 h.
431 2988 514 3047 hm.
527 3008 559 3048 n.
591 2987 692 3060 ΒΜ.
713 2988 811 3048 Turio.
838 2987 923 3054 Bem.
936 3011 962 3049 1.
976 2989 1005 3050 3.
1026 2990 1134 3050 mirari
1148 2991 1279 3070 primum
1301 2993 1360 3054 eius
1375 3014 1402 3054 c.
1434 2995 1532 3056 Guels.
1552 3017 1577 3056 ι.
1594 3017 1621 3058 a.

215 3095 308 3158 dead.
326 3095 395 3157 vin.
415 3093 512 3153 senat.
527 3114 553 3156 1.
574 3094 633 3152 ino.
646 3114 674 3153 a.
693 3093 815 3153 Reum.
834 3092 939 3155 Franc.
962 3095 1043 3157 Vrat.
1057 3115 1084 3156 a.
1104 3095 1317 3179 Leid.g.m.n.
1345 3091 1444 3158 Narar.
1474 3099 1623 3176 Commel,

216 3201 340 3261 Palatio.
354 3218 381 3258 a.
402 3209 457 3258 tres
472 3197 585 3260 Wassii.
606 3197 665 3256 Erl.
687 3217 744 3256 neu
760 3205 831 3256 tom.
843 3218 893 3278 pr·
918 3198 981 3258 Bas.
1001 3221 1028 3258 1.
1049 3219 1106 3259 neu
1123 3209 1185 3260 tam
1199 3221 1288 3280 supro
1306 3202 1368 3264 Bas.
1381 3224 1406 3262 1.
1427 3224 1515 3284 supra
1534 3209 1622 3268 etiam

216 3304 322 3366 Franc.
342 3302 514 3363 Leidbrn.
536 3301 693 3361 careretid
701 3311 810 3380 peteret
830 3301 899 3362 Tur.
921 3322 959 3373 ne
974 3313 1025 3362 aut
1040 3303 1073 3362 id
1093 3325 1199 3366 msec.
1209 3307 1369 3388 adscripsit.
1390 3318 1476 3387 atque
1492 3309 1552 3370 alia
1572 3312 1624 3372 di-

216 3410 265 3470 xit
283 3409 353 3468 Vin.
365 3430 390 3469 ι.
410 3407 495 3471 Rem.
510 3428 536 3466 ι.
555 3407 673 3467 Vtats.
694 3416 781 3484 utque
792 3407 866 3465 talin
886 3407 954 3468 Eoo.
976 3428 1048 3466 uam
1064 3408 1134 3467 iseo
1148 3419 1275 3488 tompore
1294 3411 1346 3472 Ac.
1366 3414 1461 3478 Strur.
1482 3415 1583 3476 incert.
1595 3413 1639 3482 2.'

217 3515 305 3575 Rom.
320 3535 346 3572 ι.
367 3513 464 3572 Guell.
476 3512 505 3571 3.
524 3511 606 3571 Leid.
618 3511 647 3576 b.
656 3534 683 3575 e.
694 3533 735 3575 m.
746 3533 778 3569 n.
798 3533 874 3571 nnus
891 3511 1017 3592 Popmae.
1038 3513 1071 3570 in
1087 3515 1277 3575 oomobemio
1296 3520 1383 3595 pauci
1397 3518 1482 3592 libri;
1501 3521 1542 3580 ita
1557 3533 1625 3584 ante

217 3619 339 3682 Rivium
353 3617 475 3678 editum.
500 3615 559 3675 trs
580 3616 753 3694 ewnproh.
774 3635 913 3674 ermom.
932 3615 1017 3676 Fabr.
1038 3619 1098 3679 Pal.
1110 3617 1138 3674 8.
1160 3616 1256 3684 Gueli.
1269 3619 1297 3679 3.
1319 3631 1381 3680 tum
1402 3621 1548 3686 Commel.
1571 3627 1626 3687 Pa-

219 3728 272 3785 lat.
284 3723 314 3784 3.
335 3723 395 3782 Erl.
414 3721 499 3780 Bern-
514 3742 539 3780 ι.
560 3739 598 3780 oo
615 3721 770 3798 magnifice
788 3719 865 3782 Ririi
877 3719 955 3778 libri.
983 3719 1010 3780 si
1024 3721 1079 3782 sibi
1090 3721 1315 3803 permitteretur.
1333 3726 1362 3792 ,si
1377 3728 1409 3786 in
1425 3729 1644 3809 paucislihris'·

219 3833 322 3891 losum
339 3822 448 3901 mutat,
470 3827 502 3884 in
519 3827 632 3905 aliquot
644 3824 820 3882 editionibus
842 3833 870 3884 et
887 3823 969 3883 Leid.
984 3846 1025 3890 m.
1047 3828 1200 3886 omittitur.
1220 3827 1276 3886 sibi
1284 3829 1310 3893 si
1327 3829 1407 3890 Laid.
1417 3834 1437 3892 l.
1455 3855 1531 3894 unus
1553 3835 1638 3897 Gla.'

222 3931 319 4008 teani,
336 3933 397 3992 duo
409 3933 523 3996 Wassii.
543 3929 640 3988 Turia.
662 3929 792 3987 eomulto
810 3926 901 3987 trahi.
919 3927 1024 3988 bellum
1048 3929 1163 3988 addunt
1172 3927 1262 3992 Acad.
1283 3933 1342 3996 ino.
1370 3933 1506 3999 Senatu
1525 3939 1634 4002 licuss:

222 4039 309 4101 lieris.
334 4058 360 4097 ι.
387 4037 490 4098 Franc.
510 4025 697 4099 Ecejcuur.
716 4035 745 4105 A.
763 4055 794 4112 9.
815 4054 860 4090 ιο.
885 4053 931 4091 ιι.
951 4031 1032 4092 Leid.
1046 4033 1110 4097 do.
1123 4057 1151 4116 g.
1166 4035 1193 4093 k.
1210 4057 1249 4100 m.
1271 4036 1330 4097 Erl.
1357 4039 1419 4100 llas.
1436 4043 1465 4113 4.
1493 4043 1578 4112 Bcrn.
1600 4069 1627 4110 1.
1664 4109 1667 4118 ,
1741 4043 1748 4050 '

223 4151 398 4226 comperet
418 4144 458 4202 ita
472 4141 574 4202 Carrio
588 4126 716 4198 etllarli·
728 4109 757 4204 r‘.
772 4149 807 4202 Λ.
819 4139 895 4196 inter
912 4138 1011 4198 lineas.
1032 4137 1105 4198 Ball.
1125 4138 1210 4200 Bodl.

1184 4295 1232 4344 20
