<?xml version="1.0" encoding="UTF-8"?>
<!DOCTYPE html PUBLIC "-//W3C//DTD XHTML 1.0 Transitional//EN"
    "http://www.w3.org/TR/xhtml1/DTD/xhtml1-transitional.dtd">
<html xmlns="http://www.w3.org/1999/xhtml" xml:lang="en" lang="en">
 <head>
  <title>
</title>
<meta http-equiv="Content-Type" content="text/html;charset=utf-8" />
  <meta name='ocr-system' content='tesseract 3.04.00' />
  <meta name='ocr-capabilities' content='ocr_page ocr_carea ocr_par ocr_line ocrx_word'/>
</head>
<body>
  <div class='ocr_page' id='page_1' title='image "./salustiiquaeexs01sallgoog_0048.png"; bbox 0 0 3850 4867; ppageno 0'>
   <div class='ocr_carea' id='block_1_1' title="bbox 399 304 442 353">
    <p class='ocr_par' dir='ltr' id='par_1_1' title="bbox 399 304 442 353">
     <span class='ocr_line' id='line_1_1' title="bbox 399 304 442 353; baseline 0 0"><span class='ocrx_word' id='word_1_1' title='bbox 399 304 442 353; x_wconf 76' lang='lat'><strong>12</strong></span> 
     </span>
    </p>
   </div>
   <div class='ocr_carea' id='block_1_2' title="bbox 391 480 1786 865">
    <p class='ocr_par' dir='ltr' id='par_1_2' title="bbox 391 480 1786 865">
     <span class='ocr_line' id='line_1_2' title="bbox 397 480 1781 573; baseline 0.012 -36"><span class='ocrx_word' id='word_1_2' title='bbox 397 498 442 560; x_wconf 83' lang='lat'><strong>¹9·</strong></span> <span class='ocrx_word' id='word_1_3' title='bbox 463 480 495 539; x_wconf 89' lang='lat' dir='ltr'><strong>in</strong></span> <span class='ocrx_word' id='word_1_4' title='bbox 519 484 674 561; x_wconf 78' lang='lat' dir='ltr'><strong>provincia</strong></span> <span class='ocrx_word' id='word_1_5' title='bbox 693 512 712 531; x_wconf 87' lang='lat'>-</span> <span class='ocrx_word' id='word_1_6' title='bbox 731 482 762 541; x_wconf 91' lang='lat' dir='ltr'><strong>in</strong></span> <span class='ocrx_word' id='word_1_7' title='bbox 787 480 918 543; x_wconf 88' lang='lat' dir='ltr'><strong>medium</strong></span> <span class='ocrx_word' id='word_1_8' title='bbox 946 483 1159 563; x_wconf 77' lang='lat' dir='ltr'><strong>relinquemus.</strong></span> <span class='ocrx_word' id='word_1_9' title='bbox 1191 508 1239 549; x_wconf 84' lang='lat' dir='ltr'><strong>so.</strong></span> <span class='ocrx_word' id='word_1_10' title='bbox 1265 490 1381 551; x_wconf 86' lang='lat' dir='ltr'><strong>nobiles</strong></span> <span class='ocrx_word' id='word_1_11' title='bbox 1400 494 1504 573; x_wconf 79' lang='lat' dir='ltr'><strong>volgus</strong></span> <span class='ocrx_word' id='word_1_12' title='bbox 1522 523 1542 540; x_wconf 90' lang='lat'><strong>·</strong></span> <span class='ocrx_word' id='word_1_13' title='bbox 1561 491 1615 551; x_wconf 90' lang='lat' dir='ltr'><strong>ubi</strong></span> <span class='ocrx_word' id='word_1_14' title='bbox 1633 494 1744 553; x_wconf 72' lang='lat' dir='ltr'><strong>volunt</strong></span> <span class='ocrx_word' id='word_1_15' title='bbox 1764 522 1781 543; x_wconf 90' lang='lat'><strong>·</strong></span> 
     </span>
     <span class='ocr_line' id='line_1_3' title="bbox 391 578 1781 669; baseline 0.008 -34"><span class='ocrx_word' id='word_1_16' title='bbox 391 597 427 635; x_wconf 84' lang='lat' dir='ltr'><strong>en</strong></span> <span class='ocrx_word' id='word_1_17' title='bbox 451 578 513 651; x_wconf 84' lang='lat' dir='ltr'><strong>ills,</strong></span> <span class='ocrx_word' id='word_1_18' title='bbox 534 580 585 636; x_wconf 86' lang='lat' dir='ltr'><strong>illa</strong></span> <span class='ocrx_word' id='word_1_19' title='bbox 604 611 624 626; x_wconf 92' lang='lat'>-</span> <span class='ocrx_word' id='word_1_20' title='bbox 642 580 780 639; x_wconf 86' lang='lat' dir='ltr'><strong>utemini.</strong></span> <span class='ocrx_word' id='word_1_21' title='bbox 803 598 851 643; x_wconf 82' lang='lat' dir='ltr'><strong>at.</strong></span> <span class='ocrx_word' id='word_1_22' title='bbox 873 602 940 641; x_wconf 90' lang='lat' dir='ltr'><strong>eum</strong></span> <span class='ocrx_word' id='word_1_23' title='bbox 969 603 1005 642; x_wconf 90' lang='lat' dir='ltr'><strong>eo</strong></span> <span class='ocrx_word' id='word_1_24' title='bbox 1026 605 1057 642; x_wconf 90' lang='lat' dir='ltr'><strong>se</strong></span> <span class='ocrx_word' id='word_1_25' title='bbox 1071 591 1202 647; x_wconf 88' lang='lat' dir='ltr'><strong>consule.</strong></span> <span class='ocrx_word' id='word_1_26' title='bbox 1227 590 1273 660; x_wconf 73' lang='lat' dir='ltr'><strong>al..</strong></span> <span class='ocrx_word' id='word_1_27' title='bbox 1286 603 1435 669; x_wconf 83' lang='lat' dir='ltr'><strong>sumptam</strong></span> <span class='ocrx_word' id='word_1_28' title='bbox 1454 600 1570 649; x_wconf 88' lang='lat' dir='ltr'><strong>mutuo.</strong></span> <span class='ocrx_word' id='word_1_29' title='bbox 1582 590 1630 653; x_wconf 79' lang='lat'><strong>36.</strong></span> <span class='ocrx_word' id='word_1_30' title='bbox 1642 610 1677 649; x_wconf 85' lang='lat' dir='ltr'><strong>as</strong></span> <span class='ocrx_word' id='word_1_31' title='bbox 1696 592 1781 649; x_wconf 82' lang='lat' dir='ltr'><strong>reln-</strong></span> 
     </span>
     <span class='ocr_line' id='line_1_4' title="bbox 392 673 1786 764; baseline 0.008 -33"><span class='ocrx_word' id='word_1_32' title='bbox 392 675 414 731; x_wconf 89' lang='lat' dir='ltr'><strong>ti</strong></span> <span class='ocrx_word' id='word_1_33' title='bbox 433 673 522 731; x_wconf 87' lang='lat' dir='ltr'><strong>tabes.</strong></span> <span class='ocrx_word' id='word_1_34' title='bbox 533 675 593 753; x_wconf 60' lang='lat' dir='ltr'><strong>dp.</strong></span> <span class='ocrx_word' id='word_1_35' title='bbox 610 674 762 735; x_wconf 76' lang='lat' dir='ltr'><strong>abdicatus</strong></span> <span class='ocrx_word' id='word_1_36' title='bbox 782 679 963 757; x_wconf 84' lang='lat' dir='ltr'><strong>magistratu.</strong></span> <span class='ocrx_word' id='word_1_37' title='bbox 977 684 1024 741; x_wconf 81' lang='lat' dir='ltr'><strong>to.</strong></span> <span class='ocrx_word' id='word_1_38' title='bbox 1037 683 1103 740; x_wconf 82' lang='lat' dir='ltr'><strong>aliis</strong></span> <span class='ocrx_word' id='word_1_39' title='bbox 1114 687 1172 743; x_wconf 88' lang='lat' dir='ltr'><strong>alia</strong></span> <span class='ocrx_word' id='word_1_40' title='bbox 1186 688 1267 745; x_wconf 87' lang='lat' dir='ltr'><strong>-sed</strong></span> <span class='ocrx_word' id='word_1_41' title='bbox 1284 688 1322 745; x_wconf 86' lang='lat' dir='ltr'><strong>ad</strong></span> <span class='ocrx_word' id='word_1_42' title='bbox 1337 688 1459 746; x_wconf 82' lang='lat' dir='ltr'><strong>exilium</strong></span> <span class='ocrx_word' id='word_1_43' title='bbox 1478 688 1637 764; x_wconf 86' lang='lat' dir='ltr'><strong>permitti·</strong></span> <span class='ocrx_word' id='word_1_44' title='bbox 1651 707 1685 745; x_wconf 83' lang='lat' dir='ltr'><strong>ex</strong></span> <span class='ocrx_word' id='word_1_45' title='bbox 1698 683 1786 745; x_wconf 87' lang='lat' dir='ltr'><strong>bouis</strong></span> 
     </span>
     <span class='ocr_line' id='line_1_5' title="bbox 391 774 1777 865; baseline 0.009 -38"><span class='ocrx_word' id='word_1_46' title='bbox 391 779 455 828; x_wconf 86' lang='lat' dir='ltr'><strong>orta</strong></span> <span class='ocrx_word' id='word_1_47' title='bbox 469 780 540 829; x_wconf 86' lang='lat' dir='ltr'><strong>sunt</strong></span> <span class='ocrx_word' id='word_1_48' title='bbox 558 802 577 815; x_wconf 95' lang='lat'>-</span> <span class='ocrx_word' id='word_1_49' title='bbox 595 774 749 830; x_wconf 82' lang='lat' dir='ltr'><strong>sceleratos</strong></span> <span class='ocrx_word' id='word_1_50' title='bbox 767 784 797 831; x_wconf 89' lang='lat' dir='ltr'><strong>et</strong></span> <span class='ocrx_word' id='word_1_51' title='bbox 818 775 963 834; x_wconf 79' lang='lat' dir='ltr'><strong>factiosos.</strong></span> <span class='ocrx_word' id='word_1_52' title='bbox 978 778 1026 836; x_wconf 76' lang='lat'><strong>52.</strong></span> <span class='ocrx_word' id='word_1_53' title='bbox 1040 780 1205 839; x_wconf 76' lang='lat' dir='ltr'><strong>malefacta.</strong></span> <span class='ocrx_word' id='word_1_54' title='bbox 1229 784 1277 847; x_wconf 84' lang='lat'><strong>55.</strong></span> <span class='ocrx_word' id='word_1_55' title='bbox 1293 783 1467 843; x_wconf 83' lang='lat' dir='ltr'><strong>ascenderis.</strong></span> <span class='ocrx_word' id='word_1_56' title='bbox 1488 784 1537 841; x_wconf 80' lang='lat'><strong>61.</strong></span> <span class='ocrx_word' id='word_1_57' title='bbox 1553 784 1636 843; x_wconf 79' lang='lat' dir='ltr'><strong>rivus</strong></span> <span class='ocrx_word' id='word_1_58' title='bbox 1651 791 1777 865; x_wconf 80' lang='lat' dir='ltr'><strong>ceperat.</strong></span> 
     </span>
    </p>
   </div>
   <div class='ocr_carea' id='block_1_3' title="bbox 697 964 1460 1048">
    <p class='ocr_par' dir='ltr' id='par_1_3' title="bbox 697 964 1460 1048">
     <span class='ocr_line' id='line_1_6' title="bbox 697 964 1460 1048; baseline 0.013 -13"><span class='ocrx_word' id='word_1_59' title='bbox 697 964 775 1035; x_wconf 90' lang='lat' dir='ltr'><strong>DE</strong></span> <span class='ocrx_word' id='word_1_60' title='bbox 825 966 1145 1047; x_wconf 86' lang='lat' dir='ltr'>CODICIBUS</span> <span class='ocrx_word' id='word_1_61' title='bbox 1192 974 1460 1048; x_wconf 86' lang='lat' dir='ltr'><strong>VENETIS.</strong></span> 
     </span>
    </p>
   </div>
   <div class='ocr_carea' id='block_1_4' title="bbox 379 1123 1778 2136">
    <p class='ocr_par' dir='ltr' id='par_1_4' title="bbox 379 1123 1778 2136">
     <span class='ocr_line' id='line_1_7' title="bbox 486 1123 1778 1241; baseline 0.009 -44"><span class='ocrx_word' id='word_1_62' title='bbox 486 1123 731 1205; x_wconf 79' lang='lat' dir='ltr'><strong>Bibliothecae</strong></span> <span class='ocrx_word' id='word_1_63' title='bbox 755 1130 805 1203; x_wconf 89' lang='lat' dir='ltr'><strong>St.</strong></span> <span class='ocrx_word' id='word_1_64' title='bbox 828 1130 946 1206; x_wconf 90' lang='lat' dir='ltr'><strong>Marci</strong></span> <span class='ocrx_word' id='word_1_65' title='bbox 974 1134 1137 1226; x_wconf 88' lang='lat' dir='ltr'><strong>codices,</strong></span> <span class='ocrx_word' id='word_1_66' title='bbox 1170 1138 1248 1241; x_wconf 89' lang='lat' dir='ltr'><strong>jam</strong></span> <span class='ocrx_word' id='word_1_67' title='bbox 1276 1138 1400 1211; x_wconf 91' lang='lat' dir='ltr'><strong>multo</strong></span> <span class='ocrx_word' id='word_1_68' title='bbox 1424 1136 1637 1211; x_wconf 78' lang='lat' dir='ltr'><strong>accuratius</strong></span> <span class='ocrx_word' id='word_1_69' title='bbox 1664 1163 1778 1239; x_wconf 88' lang='lat' dir='ltr'><strong>quam</strong></span> 
     </span>
     <span class='ocr_line' id='line_1_8' title="bbox 387 1241 1777 1357; baseline 0.009 -45"><span class='ocrx_word' id='word_1_70' title='bbox 387 1254 498 1314; x_wconf 85' lang='lat' dir='ltr'><strong>antea</strong></span> <span class='ocrx_word' id='word_1_71' title='bbox 522 1241 702 1347; x_wconf 85' lang='lat' dir='ltr'><strong>digestos,</strong></span> <span class='ocrx_word' id='word_1_72' title='bbox 727 1246 952 1351; x_wconf 89' lang='lat' dir='ltr'><strong>inspiciendi</strong></span> <span class='ocrx_word' id='word_1_73' title='bbox 977 1267 1015 1323; x_wconf 91' lang='lat' dir='ltr'><strong>et</strong></span> <span class='ocrx_word' id='word_1_74' title='bbox 1030 1252 1274 1328; x_wconf 80' lang='lat' dir='ltr'><strong>examinandi</strong></span> <span class='ocrx_word' id='word_1_75' title='bbox 1304 1255 1412 1357; x_wconf 89' lang='lat' dir='ltr'><strong>copia</strong></span> <span class='ocrx_word' id='word_1_76' title='bbox 1439 1252 1535 1327; x_wconf 92' lang='lat' dir='ltr'><strong>mibi</strong></span> <span class='ocrx_word' id='word_1_77' title='bbox 1556 1252 1656 1326; x_wconf 88' lang='lat' dir='ltr'><strong>facta</strong></span> <span class='ocrx_word' id='word_1_78' title='bbox 1685 1269 1777 1327; x_wconf 82' lang='lat' dir='ltr'><strong>esta</strong></span> 
     </span>
     <span class='ocr_line' id='line_1_9' title="bbox 385 1354 1777 1471; baseline 0.008 -42"><span class='ocrx_word' id='word_1_79' title='bbox 385 1354 465 1430; x_wconf 90' lang='lat' dir='ltr'><strong>viro</strong></span> <span class='ocrx_word' id='word_1_80' title='bbox 479 1357 833 1453; x_wconf 86' lang='lat' dir='ltr'><strong>clarissimoBettio,</strong></span> <span class='ocrx_word' id='word_1_81' title='bbox 850 1364 1091 1441; x_wconf 83' lang='lat' dir='ltr'><strong>bibliothecae</strong></span> <span class='ocrx_word' id='word_1_82' title='bbox 1103 1370 1296 1471; x_wconf 77' lang='lat' dir='ltr'><strong>praesecto,</strong></span> <span class='ocrx_word' id='word_1_83' title='bbox 1320 1369 1428 1471; x_wconf 87' lang='lat' dir='ltr'><strong>cujus</strong></span> <span class='ocrx_word' id='word_1_84' title='bbox 1440 1368 1709 1457; x_wconf 86' lang='lat' dir='ltr'><strong>eruditionem,</strong></span> <span class='ocrx_word' id='word_1_85' title='bbox 1724 1365 1777 1440; x_wconf 84' lang='lat' dir='ltr'><strong>fa·</strong></span> 
     </span>
     <span class='ocr_line' id='line_1_10' title="bbox 383 1470 1776 1587; baseline 0.008 -43"><span class='ocrx_word' id='word_1_86' title='bbox 383 1470 566 1549; x_wconf 87' lang='lat' dir='ltr'><strong>oilitatem</strong></span> <span class='ocrx_word' id='word_1_87' title='bbox 598 1491 713 1579; x_wconf 90' lang='lat' dir='ltr'><strong>atque</strong></span> <span class='ocrx_word' id='word_1_88' title='bbox 749 1481 965 1555; x_wconf 88' lang='lat' dir='ltr'><strong>comitatem</strong></span> <span class='ocrx_word' id='word_1_89' title='bbox 994 1482 1072 1584; x_wconf 87' lang='lat' dir='ltr'><strong>jam</strong></span> <span class='ocrx_word' id='word_1_90' title='bbox 1111 1502 1166 1559; x_wconf 92' lang='lat' dir='ltr'><strong>tot</strong></span> <span class='ocrx_word' id='word_1_91' title='bbox 1196 1485 1265 1559; x_wconf 89' lang='lat' dir='ltr'><strong>viri</strong></span> <span class='ocrx_word' id='word_1_92' title='bbox 1290 1486 1393 1559; x_wconf 90' lang='lat' dir='ltr'><strong>docti</strong></span> <span class='ocrx_word' id='word_1_93' title='bbox 1425 1483 1569 1587; x_wconf 81' lang='lat' dir='ltr'><strong>experti</strong></span> <span class='ocrx_word' id='word_1_94' title='bbox 1596 1497 1706 1572; x_wconf 86' lang='lat' dir='ltr'><strong>sunt,</strong></span> <span class='ocrx_word' id='word_1_95' title='bbox 1732 1497 1776 1556; x_wconf 92' lang='lat' dir='ltr'><strong>ut</strong></span> 
     </span>
     <span class='ocr_line' id='line_1_11' title="bbox 383 1585 1774 1703; baseline 0.006 -42"><span class='ocrx_word' id='word_1_96' title='bbox 383 1585 462 1689; x_wconf 88' lang='lat' dir='ltr'><strong>ejus</strong></span> <span class='ocrx_word' id='word_1_97' title='bbox 481 1616 620 1665; x_wconf 91' lang='lat' dir='ltr'><strong>nomen</strong></span> <span class='ocrx_word' id='word_1_98' title='bbox 643 1621 723 1667; x_wconf 91' lang='lat' dir='ltr'><strong>non</strong></span> <span class='ocrx_word' id='word_1_99' title='bbox 751 1596 878 1669; x_wconf 92' lang='lat' dir='ltr'><strong>minus</strong></span> <span class='ocrx_word' id='word_1_100' title='bbox 904 1596 945 1671; x_wconf 91' lang='lat' dir='ltr'><strong>in</strong></span> <span class='ocrx_word' id='word_1_101' title='bbox 969 1598 1176 1674; x_wconf 82' lang='lat' dir='ltr'>Germania</span> <span class='ocrx_word' id='word_1_102' title='bbox 1201 1629 1319 1703; x_wconf 87' lang='lat' dir='ltr'><strong>quam</strong></span> <span class='ocrx_word' id='word_1_103' title='bbox 1345 1600 1515 1676; x_wconf 86' lang='lat' dir='ltr'><strong>Venetiis</strong></span> <span class='ocrx_word' id='word_1_104' title='bbox 1544 1599 1774 1674; x_wconf 87' lang='lat' dir='ltr'><strong>celebratum</strong></span> 
     </span>
     <span class='ocr_line' id='line_1_12' title="bbox 381 1704 1773 1821; baseline 0.006 -46"><span class='ocrx_word' id='word_1_105' title='bbox 381 1704 437 1777; x_wconf 91' lang='lat' dir='ltr'><strong>sit.</strong></span> <span class='ocrx_word' id='word_1_106' title='bbox 477 1708 573 1780; x_wconf 91' lang='lat' dir='ltr'><strong>Cum</strong></span> <span class='ocrx_word' id='word_1_107' title='bbox 590 1736 634 1783; x_wconf 84' lang='lat' dir='ltr'><strong>ex</strong></span> <span class='ocrx_word' id='word_1_108' title='bbox 656 1709 799 1813; x_wconf 83' lang='lat' dir='ltr'><strong>legibus</strong></span> <span class='ocrx_word' id='word_1_109' title='bbox 822 1740 899 1787; x_wconf 89' lang='lat' dir='ltr'><strong>non</strong></span> <span class='ocrx_word' id='word_1_110' title='bbox 923 1714 996 1787; x_wconf 91' lang='lat' dir='ltr'><strong>nisi</strong></span> <span class='ocrx_word' id='word_1_111' title='bbox 1017 1732 1089 1791; x_wconf 87' lang='lat' dir='ltr'><strong>tres</strong></span> <span class='ocrx_word' id='word_1_112' title='bbox 1110 1716 1222 1791; x_wconf 88' lang='lat' dir='ltr'><strong>horas</strong></span> <span class='ocrx_word' id='word_1_113' title='bbox 1242 1716 1398 1821; x_wconf 89' lang='lat' dir='ltr'><strong>singulis</strong></span> <span class='ocrx_word' id='word_1_114' title='bbox 1425 1716 1559 1789; x_wconf 87' lang='lat' dir='ltr'><strong>diebus</strong></span> <span class='ocrx_word' id='word_1_115' title='bbox 1577 1716 1617 1787; x_wconf 90' lang='lat' dir='ltr'><strong>in</strong></span> <span class='ocrx_word' id='word_1_116' title='bbox 1634 1711 1773 1787; x_wconf 90' lang='lat' dir='ltr'><strong>Biblio-</strong></span> 
     </span>
     <span class='ocr_line' id='line_1_13' title="bbox 383 1816 1773 1935; baseline 0.007 -45"><span class='ocrx_word' id='word_1_117' title='bbox 383 1816 490 1895; x_wconf 86' lang='lat' dir='ltr'><strong>theca</strong></span> <span class='ocrx_word' id='word_1_118' title='bbox 506 1823 639 1899; x_wconf 87' lang='lat' dir='ltr'><strong>studiis</strong></span> <span class='ocrx_word' id='word_1_119' title='bbox 662 1854 795 1901; x_wconf 85' lang='lat' dir='ltr'><strong>vacare</strong></span> <span class='ocrx_word' id='word_1_120' title='bbox 812 1827 941 1918; x_wconf 90' lang='lat' dir='ltr'><strong>liceat,</strong></span> <span class='ocrx_word' id='word_1_121' title='bbox 968 1830 1079 1906; x_wconf 82' lang='lat' dir='ltr'><strong>facile</strong></span> <span class='ocrx_word' id='word_1_122' title='bbox 1106 1860 1233 1935; x_wconf 87' lang='lat' dir='ltr'><strong>passus</strong></span> <span class='ocrx_word' id='word_1_123' title='bbox 1263 1850 1336 1920; x_wconf 86' lang='lat' dir='ltr'><strong>est,</strong></span> <span class='ocrx_word' id='word_1_124' title='bbox 1361 1849 1406 1905; x_wconf 93' lang='lat' dir='ltr'><strong>ut</strong></span> <span class='ocrx_word' id='word_1_125' title='bbox 1425 1858 1492 1934; x_wconf 82' lang='lat' dir='ltr'><strong>ego</strong></span> <span class='ocrx_word' id='word_1_126' title='bbox 1513 1830 1656 1933; x_wconf 80' lang='lat' dir='ltr'>duplex</span> <span class='ocrx_word' id='word_1_127' title='bbox 1682 1844 1773 1901; x_wconf 86' lang='lat' dir='ltr'><strong>tem·</strong></span> 
     </span>
     <span class='ocr_line' id='line_1_14' title="bbox 380 1936 1772 2047; baseline 0.006 -39"><span class='ocrx_word' id='word_1_128' title='bbox 380 1936 480 2039; x_wconf 89' lang='lat' dir='ltr'><strong>poris</strong></span> <span class='ocrx_word' id='word_1_129' title='bbox 498 1940 663 2043; x_wconf 87' lang='lat' dir='ltr'><strong>spatium</strong></span> <span class='ocrx_word' id='word_1_130' title='bbox 685 1942 737 2015; x_wconf 94' lang='lat' dir='ltr'><strong>ibi</strong></span> <span class='ocrx_word' id='word_1_131' title='bbox 760 1970 1022 2021; x_wconf 79' lang='lat' dir='ltr'><strong>commorarer.</strong></span> <span class='ocrx_word' id='word_1_132' title='bbox 1065 1948 1153 2043; x_wconf 89' lang='lat' dir='ltr'><strong>Qua</strong></span> <span class='ocrx_word' id='word_1_133' title='bbox 1178 1975 1218 2021; x_wconf 90' lang='lat' dir='ltr'><strong>re</strong></span> <span class='ocrx_word' id='word_1_134' title='bbox 1239 1946 1384 2023; x_wconf 86' lang='lat' dir='ltr'><strong>factum</strong></span> <span class='ocrx_word' id='word_1_135' title='bbox 1406 1964 1478 2035; x_wconf 86' lang='lat' dir='ltr'><strong>est,</strong></span> <span class='ocrx_word' id='word_1_136' title='bbox 1495 1962 1541 2019; x_wconf 93' lang='lat' dir='ltr'><strong>ut</strong></span> <span class='ocrx_word' id='word_1_137' title='bbox 1553 1960 1695 2047; x_wconf 83' lang='lat' dir='ltr'><strong>septem</strong></span> <span class='ocrx_word' id='word_1_138' title='bbox 1714 1968 1772 2016; x_wconf 87' lang='lat' dir='ltr'><strong>eo-</strong></span> 
     </span>
     <span class='ocr_line' id='line_1_15' title="bbox 379 2050 1140 2136; baseline 0.017 -13"><span class='ocrx_word' id='word_1_139' title='bbox 379 2050 477 2128; x_wconf 82' lang='lat' dir='ltr'><strong>dices</strong></span> <span class='ocrx_word' id='word_1_140' title='bbox 498 2054 727 2133; x_wconf 74' lang='lat' dir='ltr'><strong>salustianos</strong></span> <span class='ocrx_word' id='word_1_141' title='bbox 748 2058 852 2133; x_wconf 89' lang='lat' dir='ltr'><strong>brevi</strong></span> <span class='ocrx_word' id='word_1_142' title='bbox 876 2063 1140 2136; x_wconf 83' lang='lat' dir='ltr'><strong>examinarem.</strong></span> 
     </span>
    </p>
   </div>
   <div class='ocr_carea' id='block_1_5' title="bbox 480 2231 1791 2343">
    <p class='ocr_par' dir='ltr' id='par_1_5' title="bbox 480 2231 1791 2343">
     <span class='ocr_line' id='line_1_16' title="bbox 480 2231 1791 2343; baseline -0.002 -34"><span class='ocrx_word' id='word_1_143' title='bbox 480 2235 569 2309; x_wconf 87' lang='lat' dir='ltr'><strong>Cod.</strong></span> <span class='ocrx_word' id='word_1_144' title='bbox 588 2238 618 2310; x_wconf 91' lang='lat' dir='ltr'><strong>I.</strong></span> <span class='ocrx_word' id='word_1_145' title='bbox 644 2238 761 2333; x_wconf 88' lang='lat' dir='ltr'><strong>(Clas.</strong></span> <span class='ocrx_word' id='word_1_146' title='bbox 775 2241 820 2314; x_wconf 76' lang='lat' dir='ltr'>X</span> <span class='ocrx_word' id='word_1_147' title='bbox 839 2242 940 2329; x_wconf 67' lang='grc' dir='ltr'><strong>ι(ΙΙΙΙ.</strong></span> <span class='ocrx_word' id='word_1_148' title='bbox 962 2240 1169 2317; x_wconf 85' lang='lat' dir='ltr'><strong>aMorellio</strong></span> <span class='ocrx_word' id='word_1_149' title='bbox 1191 2239 1429 2343; x_wconf 87' lang='lat' dir='ltr'><strong>inscriptus).</strong></span> <span class='ocrx_word' id='word_1_150' title='bbox 1454 2240 1619 2342; x_wconf 81' lang='lat' dir='ltr'><strong>Pergam.</strong></span> <span class='ocrx_word' id='word_1_151' title='bbox 1635 2235 1713 2309; x_wconf 87' lang='lat' dir='ltr'><strong>Sub</strong></span> <span class='ocrx_word' id='word_1_152' title='bbox 1728 2231 1791 2306; x_wconf 49' lang='lat' dir='ltr'><strong>fis</strong></span> 
     </span>
    </p>
   </div>
   <div class='ocr_carea' id='block_1_6' title="bbox 371 2352 1768 3153">
    <p class='ocr_par' dir='ltr' id='par_1_6' title="bbox 371 2352 1768 3153">
     <span class='ocr_line' id='line_1_17' title="bbox 379 2352 1768 2451; baseline -0.001 -28"><span class='ocrx_word' id='word_1_153' title='bbox 379 2376 466 2423; x_wconf 88' lang='lat' dir='ltr'><strong>nem</strong></span> <span class='ocrx_word' id='word_1_154' title='bbox 479 2352 614 2427; x_wconf 82' lang='lat' dir='ltr'><strong>Saeculi</strong></span> <span class='ocrx_word' id='word_1_155' title='bbox 627 2380 671 2427; x_wconf 84' lang='lat' dir='ltr'><strong>xr.</strong></span> <span class='ocrx_word' id='word_1_156' title='bbox 692 2355 749 2429; x_wconf 91' lang='lat' dir='ltr'><strong>vel</strong></span> <span class='ocrx_word' id='word_1_157' title='bbox 769 2355 879 2431; x_wconf 92' lang='lat' dir='ltr'><strong>initio</strong></span> <span class='ocrx_word' id='word_1_158' title='bbox 905 2383 968 2430; x_wconf 79' lang='lat' dir='ltr'><strong>xri.</strong></span> <span class='ocrx_word' id='word_1_159' title='bbox 990 2374 1189 2451; x_wconf 82' lang='lat' dir='ltr'><strong>exaratus3</strong></span> <span class='ocrx_word' id='word_1_160' title='bbox 1210 2356 1301 2431; x_wconf 88' lang='lat' dir='ltr'><strong>folia</strong></span> <span class='ocrx_word' id='word_1_161' title='bbox 1327 2354 1518 2431; x_wconf 82' lang='lat' dir='ltr'><strong>nonnulla</strong></span> <span class='ocrx_word' id='word_1_162' title='bbox 1544 2352 1706 2427; x_wconf 82' lang='lat' dir='ltr'><strong>lacerata</strong></span> <span class='ocrx_word' id='word_1_163' title='bbox 1732 2363 1768 2423; x_wconf 90' lang='lat' dir='ltr'><strong>et</strong></span> 
     </span>
     <span class='ocr_line' id='line_1_18' title="bbox 376 2464 1768 2565; baseline 0.003 -30"><span class='ocrx_word' id='word_1_164' title='bbox 376 2464 575 2565; x_wconf 83' lang='lat' dir='ltr'><strong>aliquoties</strong></span> <span class='ocrx_word' id='word_1_165' title='bbox 595 2470 873 2564; x_wconf 85' lang='lat' dir='ltr'><strong>contaminata3</strong></span> <span class='ocrx_word' id='word_1_166' title='bbox 904 2472 1041 2548; x_wconf 88' lang='lat' dir='ltr'><strong>ductus</strong></span> <span class='ocrx_word' id='word_1_167' title='bbox 1061 2474 1260 2547; x_wconf 88' lang='lat' dir='ltr'><strong>literarum</strong></span> <span class='ocrx_word' id='word_1_168' title='bbox 1282 2473 1325 2548; x_wconf 91' lang='lat' dir='ltr'><strong>in</strong></span> <span class='ocrx_word' id='word_1_169' title='bbox 1339 2473 1415 2547; x_wconf 88' lang='lat' dir='ltr'><strong>[ine</strong></span> <span class='ocrx_word' id='word_1_170' title='bbox 1434 2470 1572 2546; x_wconf 89' lang='lat' dir='ltr'><strong>codicis</strong></span> <span class='ocrx_word' id='word_1_171' title='bbox 1587 2481 1768 2544; x_wconf 87' lang='lat' dir='ltr'><strong>vetustate</strong></span> 
     </span>
     <span class='ocr_line' id='line_1_19' title="bbox 376 2576 1767 2689; baseline 0.003 -38"><span class='ocrx_word' id='word_1_172' title='bbox 376 2576 499 2670; x_wconf 86' lang='lat' dir='ltr'><strong>deleti,</strong></span> <span class='ocrx_word' id='word_1_173' title='bbox 523 2584 634 2657; x_wconf 88' lang='lat' dir='ltr'><strong>verba</strong></span> <span class='ocrx_word' id='word_1_174' title='bbox 657 2586 855 2689; x_wconf 76' lang='lat' dir='ltr'><strong>saepissime</strong></span> <span class='ocrx_word' id='word_1_175' title='bbox 878 2590 1115 2678; x_wconf 81' lang='lat' dir='ltr'><strong>transposita,</strong></span> <span class='ocrx_word' id='word_1_176' title='bbox 1136 2589 1210 2661; x_wconf 84' lang='lat' dir='ltr'><strong>alia</strong></span> <span class='ocrx_word' id='word_1_177' title='bbox 1233 2590 1384 2678; x_wconf 86' lang='lat' dir='ltr'><strong>omissa;</strong></span> <span class='ocrx_word' id='word_1_178' title='bbox 1409 2614 1479 2662; x_wconf 89' lang='lat' dir='ltr'><strong>nec</strong></span> <span class='ocrx_word' id='word_1_179' title='bbox 1505 2586 1643 2661; x_wconf 81' lang='lat' dir='ltr'><strong>desunt</strong></span> <span class='ocrx_word' id='word_1_180' title='bbox 1662 2608 1767 2657; x_wconf 88' lang='lat' dir='ltr'><strong>men·</strong></span> 
     </span>
     <span class='ocr_line' id='line_1_20' title="bbox 375 2692 1765 2807; baseline 0.001 -40"><span class='ocrx_word' id='word_1_181' title='bbox 375 2692 422 2768; x_wconf 81' lang='lat' dir='ltr'><strong>de</strong></span> <span class='ocrx_word' id='word_1_182' title='bbox 441 2697 646 2802; x_wconf 85' lang='lat' dir='ltr'><strong>scripturae.</strong></span> <span class='ocrx_word' id='word_1_183' title='bbox 668 2703 822 2776; x_wconf 78' lang='lat' dir='ltr'><strong>cantet</strong></span> <span class='ocrx_word' id='word_1_184' title='bbox 837 2706 1035 2807; x_wconf 76' lang='lat' dir='ltr'><strong>saepissime</strong></span> <span class='ocrx_word' id='word_1_185' title='bbox 1052 2731 1141 2779; x_wconf 92' lang='lat' dir='ltr'><strong>cum</strong></span> <span class='ocrx_word' id='word_1_186' title='bbox 1156 2724 1171 2779; x_wconf 89' lang='lat' dir='ltr'><strong>t</strong></span> <span class='ocrx_word' id='word_1_187' title='bbox 1188 2720 1393 2792; x_wconf 88' lang='lat' dir='ltr'><strong>mutatum,</strong></span> <span class='ocrx_word' id='word_1_188' title='bbox 1405 2730 1425 2777; x_wconf 89' lang='lat' dir='ltr'><strong>e</strong></span> <span class='ocrx_word' id='word_1_189' title='bbox 1437 2730 1507 2805; x_wconf 91' lang='lat' dir='ltr'><strong>pro</strong></span> <span class='ocrx_word' id='word_1_190' title='bbox 1521 2698 1765 2801; x_wconf 70' lang='lat' dir='ltr'><strong>descriptum,</strong></span> 
     </span>
     <span class='ocr_line' id='line_1_21' title="bbox 374 2812 1764 2923; baseline 0.001 -42"><span class='ocrx_word' id='word_1_191' title='bbox 374 2812 400 2881; x_wconf 80' lang='lat' dir='ltr'><strong>lt</strong></span> <span class='ocrx_word' id='word_1_192' title='bbox 421 2812 545 2887; x_wconf 86' lang='lat' dir='ltr'><strong>alieno</strong></span> <span class='ocrx_word' id='word_1_193' title='bbox 565 2814 649 2890; x_wconf 92' lang='lat' dir='ltr'><strong>loco</strong></span> <span class='ocrx_word' id='word_1_194' title='bbox 678 2818 894 2921; x_wconf 85' lang='lat' dir='ltr'><strong>appositum</strong></span> <span class='ocrx_word' id='word_1_195' title='bbox 922 2838 959 2894; x_wconf 90' lang='lat' dir='ltr'><strong>et</strong></span> <span class='ocrx_word' id='word_1_196' title='bbox 986 2822 1172 2897; x_wconf 83' lang='lat' dir='ltr'><strong>omissum.</strong></span> <span class='ocrx_word' id='word_1_197' title='bbox 1220 2815 1505 2923; x_wconf 84' lang='lat' dir='ltr'><strong>Orthograpbia</strong></span> <span class='ocrx_word' id='word_1_198' title='bbox 1535 2813 1694 2915; x_wconf 86' lang='lat' dir='ltr'><strong>antiqua</strong></span> <span class='ocrx_word' id='word_1_199' title='bbox 1723 2812 1764 2884; x_wconf 92' lang='lat' dir='ltr'><strong>in</strong></span> 
     </span>
     <span class='ocr_line' id='line_1_22' title="bbox 371 2929 1765 3035; baseline 0.001 -37"><span class='ocrx_word' id='word_1_200' title='bbox 371 2929 570 3003; x_wconf 88' lang='lat' dir='ltr'><strong>nonnullis</strong></span> <span class='ocrx_word' id='word_1_201' title='bbox 583 2932 736 3007; x_wconf 83' lang='lat' dir='ltr'><strong>vocibus</strong></span> <span class='ocrx_word' id='word_1_202' title='bbox 744 2952 886 3009; x_wconf 83' lang='lat' dir='ltr'><strong>servata</strong></span> <span class='ocrx_word' id='word_1_203' title='bbox 896 2968 906 3030; x_wconf 86' lang='lat'>3</span> <span class='ocrx_word' id='word_1_204' title='bbox 928 2937 1135 3020; x_wconf 82' lang='lat' dir='ltr'><strong>lubidinem,</strong></span> <span class='ocrx_word' id='word_1_205' title='bbox 1153 2937 1352 3035; x_wconf 80' lang='lat' dir='ltr'><strong>neglegere,</strong></span> <span class='ocrx_word' id='word_1_206' title='bbox 1371 2935 1606 3035; x_wconf 78' lang='lat' dir='ltr'><strong>neglegentia,</strong></span> <span class='ocrx_word' id='word_1_207' title='bbox 1618 2930 1765 3003; x_wconf 74' lang='lat' dir='ltr'><strong>cellera-</strong></span> 
     </span>
     <span class='ocr_line' id='line_1_23' title="bbox 371 3042 1764 3153; baseline 0.007 -39"><span class='ocrx_word' id='word_1_208' title='bbox 371 3047 412 3129; x_wconf 88' lang='lat' dir='ltr'><strong>ti,</strong></span> <span class='ocrx_word' id='word_1_209' title='bbox 437 3042 677 3133; x_wconf 72' lang='lat' dir='ltr'><strong>adscendere,</strong></span> <span class='ocrx_word' id='word_1_210' title='bbox 702 3049 876 3149; x_wconf 85' lang='lat' dir='ltr'><strong>adgredi,</strong></span> <span class='ocrx_word' id='word_1_211' title='bbox 897 3059 1096 3127; x_wconf 79' lang='lat' dir='ltr'><strong>communit</strong></span> <span class='ocrx_word' id='word_1_212' title='bbox 1114 3058 1272 3126; x_wconf 83' lang='lat' dir='ltr'><strong>onmium</strong></span> <span class='ocrx_word' id='word_1_213' title='bbox 1292 3054 1404 3125; x_wconf 81' lang='lat' dir='ltr'><strong>bostis</strong></span> <span class='ocrx_word' id='word_1_214' title='bbox 1426 3061 1530 3153; x_wconf 88' lang='lat' dir='ltr'><strong>(cap.</strong></span> <span class='ocrx_word' id='word_1_215' title='bbox 1547 3052 1635 3135; x_wconf 82' lang='lat'><strong>81.)</strong></span> <span class='ocrx_word' id='word_1_216' title='bbox 1663 3044 1764 3147; x_wconf 78' lang='lat' dir='ltr'><strong>diffi-</strong></span> 
     </span>
    </p>
   </div>
   <div class='ocr_carea' id='block_1_7' title="bbox 369 3158 1762 3478">
    <p class='ocr_par' dir='ltr' id='par_1_7' title="bbox 369 3158 1762 3478">
     <span class='ocr_line' id='line_1_24' title="bbox 370 3158 1762 3265; baseline 0.009 -34"><span class='ocrx_word' id='word_1_217' title='bbox 370 3158 450 3231; x_wconf 85' lang='lat' dir='ltr'><strong>cilis</strong></span> <span class='ocrx_word' id='word_1_218' title='bbox 475 3172 579 3263; x_wconf 89' lang='lat' dir='ltr'><strong>(cap.</strong></span> <span class='ocrx_word' id='word_1_219' title='bbox 594 3166 675 3260; x_wconf 83' lang='lat'><strong>87.)</strong></span> <span class='ocrx_word' id='word_1_220' title='bbox 698 3180 767 3239; x_wconf 89' lang='lat' dir='ltr'><strong>etc.</strong></span> <span class='ocrx_word' id='word_1_221' title='bbox 792 3167 906 3241; x_wconf 90' lang='lat' dir='ltr'><strong>Liber</strong></span> <span class='ocrx_word' id='word_1_222' title='bbox 925 3167 1145 3242; x_wconf 86' lang='lat' dir='ltr'><strong>melioribus</strong></span> <span class='ocrx_word' id='word_1_223' title='bbox 1168 3166 1495 3257; x_wconf 85' lang='lat' dir='ltr'><strong>adnumerandus3</strong></span> <span class='ocrx_word' id='word_1_224' title='bbox 1521 3192 1568 3239; x_wconf 85' lang='lat' dir='ltr'><strong>ex</strong></span> <span class='ocrx_word' id='word_1_225' title='bbox 1594 3188 1671 3265; x_wconf 83' lang='lat' dir='ltr'><strong>quo</strong></span> <span class='ocrx_word' id='word_1_226' title='bbox 1687 3159 1762 3235; x_wconf 77' lang='lat' dir='ltr'><strong>hoc</strong></span> 
     </span>
     <span class='ocr_line' id='line_1_25' title="bbox 369 3274 1758 3384; baseline 0.006 -37"><span class='ocrx_word' id='word_1_227' title='bbox 369 3290 469 3351; x_wconf 90' lang='lat' dir='ltr'><strong>certe</strong></span> <span class='ocrx_word' id='word_1_228' title='bbox 485 3276 617 3367; x_wconf 91' lang='lat' dir='ltr'><strong>discas,</strong></span> <span class='ocrx_word' id='word_1_229' title='bbox 634 3306 714 3355; x_wconf 88' lang='lat' dir='ltr'><strong>non</strong></span> <span class='ocrx_word' id='word_1_230' title='bbox 736 3280 881 3384; x_wconf 89' lang='lat' dir='ltr'><strong>ubique</strong></span> <span class='ocrx_word' id='word_1_231' title='bbox 908 3282 953 3359; x_wconf 87' lang='lat' dir='ltr'><strong>iis</strong></span> <span class='ocrx_word' id='word_1_232' title='bbox 975 3283 1168 3359; x_wconf 85' lang='lat' dir='ltr'><strong>codicibus</strong></span> <span class='ocrx_word' id='word_1_233' title='bbox 1191 3282 1305 3358; x_wconf 87' lang='lat' dir='ltr'><strong>fidem</strong></span> <span class='ocrx_word' id='word_1_234' title='bbox 1335 3308 1410 3356; x_wconf 87' lang='lat' dir='ltr'><strong>esse</strong></span> <span class='ocrx_word' id='word_1_235' title='bbox 1430 3280 1669 3367; x_wconf 90' lang='lat' dir='ltr'><strong>habendam,</strong></span> <span class='ocrx_word' id='word_1_236' title='bbox 1690 3274 1758 3379; x_wconf 79' lang='lat' dir='ltr'><strong>qui</strong></span> 
     </span>
     <span class='ocr_line' id='line_1_26' title="bbox 369 3392 835 3478; baseline 0.036 -16"><span class='ocrx_word' id='word_1_237' title='bbox 369 3392 509 3465; x_wconf 64' lang='lat' dir='ltr'><strong>caeteris</strong></span> <span class='ocrx_word' id='word_1_238' title='bbox 533 3394 718 3471; x_wconf 84' lang='lat' dir='ltr'><strong>breviores</strong></span> <span class='ocrx_word' id='word_1_239' title='bbox 732 3414 835 3478; x_wconf 89' lang='lat' dir='ltr'><strong>sunt.</strong></span> 
     </span>
    </p>
   </div>
   <div class='ocr_carea' id='block_1_8' title="bbox 362 3528 1759 4291">
    <p class='ocr_par' dir='ltr' id='par_1_8' title="bbox 362 3528 1759 4291">
     <span class='ocr_line' id='line_1_27' title="bbox 451 3528 1759 3617; baseline 0.002 -29"><span class='ocrx_word' id='word_1_240' title='bbox 451 3528 542 3590; x_wconf 76' lang='lat' dir='ltr'><strong>Catil.</strong></span> <span class='ocrx_word' id='word_1_241' title='bbox 562 3556 626 3613; x_wconf 77' lang='lat' dir='ltr'><strong>erp,</strong></span> <span class='ocrx_word' id='word_1_242' title='bbox 643 3556 667 3593; x_wconf 92' lang='lat'><strong>1.</strong></span> <span class='ocrx_word' id='word_1_243' title='bbox 689 3538 742 3617; x_wconf 90' lang='lat' dir='ltr'><strong>qui</strong></span> <span class='ocrx_word' id='word_1_244' title='bbox 760 3537 881 3596; x_wconf 86' lang='lat' dir='ltr'><strong>student</strong></span> <span class='ocrx_word' id='word_1_245' title='bbox 904 3554 965 3595; x_wconf 86' lang='lat' dir='ltr'><strong>sese</strong></span> <span class='ocrx_word' id='word_1_246' title='bbox 983 3565 1003 3583; x_wconf 89' lang='lat'><strong>·</strong></span> <span class='ocrx_word' id='word_1_247' title='bbox 1020 3535 1190 3596; x_wconf 82' lang='lat' dir='ltr'><strong>obedientis</strong></span> <span class='ocrx_word' id='word_1_248' title='bbox 1208 3536 1304 3594; x_wconf 83' lang='lat' dir='ltr'><strong>rentri</strong></span> <span class='ocrx_word' id='word_1_249' title='bbox 1323 3566 1342 3583; x_wconf 79' lang='grc' dir='ltr'><strong>ι·</strong></span> <span class='ocrx_word' id='word_1_250' title='bbox 1361 3537 1459 3594; x_wconf 88' lang='lat' dir='ltr'><strong>omnis</strong></span> <span class='ocrx_word' id='word_1_251' title='bbox 1473 3548 1572 3595; x_wconf 83' lang='lat' dir='ltr'><strong>nostra</strong></span> <span class='ocrx_word' id='word_1_252' title='bbox 1587 3535 1640 3595; x_wconf 86' lang='lat' dir='ltr'><strong>ris.</strong></span> <span class='ocrx_word' id='word_1_253' title='bbox 1664 3552 1691 3592; x_wconf 82' lang='lat' dir='ltr'><strong>s.</strong></span> <span class='ocrx_word' id='word_1_254' title='bbox 1704 3550 1759 3610; x_wconf 85' lang='lat' dir='ltr'><strong>pe·</strong></span> 
     </span>
     <span class='ocr_line' id='line_1_28' title="bbox 368 3628 1758 3711; baseline 0.001 -27"><span class='ocrx_word' id='word_1_255' title='bbox 368 3628 548 3708; x_wconf 85' lang='lat' dir='ltr'><strong>regrinantes</strong></span> <span class='ocrx_word' id='word_1_256' title='bbox 566 3632 714 3701; x_wconf 81' lang='lat' dir='ltr'><strong>transiere,</strong></span> <span class='ocrx_word' id='word_1_257' title='bbox 736 3631 765 3692; x_wconf 78' lang='lat'><strong>3.</strong></span> <span class='ocrx_word' id='word_1_258' title='bbox 783 3644 815 3691; x_wconf 87' lang='lat' dir='ltr'><strong>tu</strong></span> <span class='ocrx_word' id='word_1_259' title='bbox 833 3651 986 3691; x_wconf 83' lang='lat' dir='ltr'><strong>memores.</strong></span> <span class='ocrx_word' id='word_1_260' title='bbox 1008 3630 1037 3689; x_wconf 88' lang='grc'><strong>6.</strong></span> <span class='ocrx_word' id='word_1_261' title='bbox 1053 3652 1207 3711; x_wconf 84' lang='lat' dir='ltr'><strong>prospera,</strong></span> <span class='ocrx_word' id='word_1_262' title='bbox 1229 3634 1345 3709; x_wconf 87' lang='lat' dir='ltr'><strong>pollens</strong></span> <span class='ocrx_word' id='word_1_263' title='bbox 1364 3664 1383 3677; x_wconf 94' lang='lat'>-</span> <span class='ocrx_word' id='word_1_264' title='bbox 1404 3652 1514 3689; x_wconf 88' lang='lat' dir='ltr'><strong>nomen</strong></span> <span class='ocrx_word' id='word_1_265' title='bbox 1533 3632 1647 3709; x_wconf 83' lang='lat' dir='ltr'><strong>regium</strong></span> <span class='ocrx_word' id='word_1_266' title='bbox 1667 3658 1687 3676; x_wconf 90' lang='lat'><strong>·</strong></span> <span class='ocrx_word' id='word_1_267' title='bbox 1706 3628 1758 3686; x_wconf 86' lang='lat' dir='ltr'><strong>in·</strong></span> 
     </span>
     <span class='ocr_line' id='line_1_29' title="bbox 368 3724 1756 3809; baseline 0 -28"><span class='ocrx_word' id='word_1_268' title='bbox 368 3724 488 3803; x_wconf 85' lang='lat' dir='ltr'><strong>genium</strong></span> <span class='ocrx_word' id='word_1_269' title='bbox 504 3725 647 3797; x_wconf 80' lang='lat' dir='ltr'><strong>validum,</strong></span> <span class='ocrx_word' id='word_1_270' title='bbox 672 3750 699 3809; x_wconf 87' lang='lat'><strong>7.</strong></span> <span class='ocrx_word' id='word_1_271' title='bbox 715 3724 824 3788; x_wconf 81' lang='lat' dir='ltr'><strong>laboris</strong></span> <span class='ocrx_word' id='word_1_272' title='bbox 842 3728 913 3786; x_wconf 89' lang='lat' dir='ltr'><strong>belli</strong></span> <span class='ocrx_word' id='word_1_273' title='bbox 933 3728 1058 3786; x_wconf 86' lang='lat' dir='ltr'><strong>simulac</strong></span> <span class='ocrx_word' id='word_1_274' title='bbox 1070 3730 1189 3807; x_wconf 82' lang='lat' dir='ltr'><strong>paciens</strong></span> <span class='ocrx_word' id='word_1_275' title='bbox 1208 3761 1228 3776; x_wconf 93' lang='lat'>-</span> <span class='ocrx_word' id='word_1_276' title='bbox 1247 3728 1400 3787; x_wconf 84' lang='lat' dir='ltr'><strong>discebant</strong></span> <span class='ocrx_word' id='word_1_277' title='bbox 1412 3748 1467 3784; x_wconf 85' lang='lat' dir='ltr'><strong>usn</strong></span> <span class='ocrx_word' id='word_1_278' title='bbox 1483 3728 1622 3785; x_wconf 88' lang='lat' dir='ltr'><strong>militiam</strong></span> <span class='ocrx_word' id='word_1_279' title='bbox 1643 3756 1662 3773; x_wconf 87' lang='lat'>-</span> <span class='ocrx_word' id='word_1_280' title='bbox 1680 3726 1756 3785; x_wconf 86' lang='lat' dir='ltr'><strong>sic...</strong></span> 
     </span>
     <span class='ocr_line' id='line_1_30' title="bbox 367 3815 1758 3904; baseline 0.002 -28"><span class='ocrx_word' id='word_1_281' title='bbox 367 3815 464 3879; x_wconf 88' lang='lat' dir='ltr'><strong>hostes</strong></span> <span class='ocrx_word' id='word_1_282' title='bbox 481 3824 606 3902; x_wconf 89' lang='lat' dir='ltr'><strong>quisque</strong></span> <span class='ocrx_word' id='word_1_283' title='bbox 625 3856 644 3871; x_wconf 94' lang='lat'>-</span> <span class='ocrx_word' id='word_1_284' title='bbox 663 3844 696 3883; x_wconf 84' lang='lat' dir='ltr'><strong>ea</strong></span> <span class='ocrx_word' id='word_1_285' title='bbox 716 3822 843 3896; x_wconf 83' lang='lat' dir='ltr'><strong>divitias,</strong></span> <span class='ocrx_word' id='word_1_286' title='bbox 854 3824 965 3881; x_wconf 83' lang='lat' dir='ltr'><strong>bonam</strong></span> <span class='ocrx_word' id='word_1_287' title='bbox 985 3824 1104 3881; x_wconf 82' lang='lat' dir='ltr'><strong>famam.</strong></span> <span class='ocrx_word' id='word_1_288' title='bbox 1126 3824 1155 3883; x_wconf 84' lang='grc'><strong>8.</strong></span> <span class='ocrx_word' id='word_1_289' title='bbox 1167 3827 1296 3883; x_wconf 86' lang='lat' dir='ltr'><strong>minores</strong></span> <span class='ocrx_word' id='word_1_290' title='bbox 1311 3846 1411 3904; x_wconf 83' lang='lat' dir='ltr'><strong>quam.</strong></span> <span class='ocrx_word' id='word_1_291' title='bbox 1435 3844 1481 3881; x_wconf 88' lang='lat'><strong>10.</strong></span> <span class='ocrx_word' id='word_1_292' title='bbox 1499 3824 1587 3881; x_wconf 79' lang='lat' dir='ltr'><strong>falsos</strong></span> <span class='ocrx_word' id='word_1_293' title='bbox 1604 3820 1721 3903; x_wconf 78' lang='lat' dir='ltr'><strong>subegit</strong></span> <span class='ocrx_word' id='word_1_294' title='bbox 1738 3849 1758 3866; x_wconf 88' lang='lat'><em>-</em></span> 
     </span>
     <span class='ocr_line' id='line_1_31' title="bbox 367 3918 1754 3999; baseline 0.001 -25"><span class='ocrx_word' id='word_1_295' title='bbox 367 3930 538 3995; x_wconf 88' lang='lat' dir='ltr'><strong>promptum</strong></span> <span class='ocrx_word' id='word_1_296' title='bbox 558 3918 664 3979; x_wconf 80' lang='lat' dir='ltr'><strong>hebere</strong></span> <span class='ocrx_word' id='word_1_297' title='bbox 681 3919 810 3979; x_wconf 87' lang='lat' dir='ltr'><strong>edocuit.</strong></span> <span class='ocrx_word' id='word_1_298' title='bbox 840 3941 884 3999; x_wconf 82' lang='lat'><strong>¹9·</strong></span> <span class='ocrx_word' id='word_1_299' title='bbox 902 3920 935 3979; x_wconf 92' lang='lat' dir='ltr'><strong>in</strong></span> <span class='ocrx_word' id='word_1_300' title='bbox 954 3920 1149 3997; x_wconf 76' lang='lat' dir='ltr'><strong>provinciam.</strong></span> <span class='ocrx_word' id='word_1_301' title='bbox 1181 3941 1229 3979; x_wconf 82' lang='lat'><strong>20.</strong></span> <span class='ocrx_word' id='word_1_302' title='bbox 1245 3924 1347 3980; x_wconf 83' lang='lat' dir='ltr'><strong>omnin</strong></span> <span class='ocrx_word' id='word_1_303' title='bbox 1362 3921 1524 3981; x_wconf 70' lang='lat' dir='ltr'><strong>victoribus</strong></span> <span class='ocrx_word' id='word_1_304' title='bbox 1542 3918 1671 3998; x_wconf 75' lang='lat' dir='ltr'><strong>premis.</strong></span> <span class='ocrx_word' id='word_1_305' title='bbox 1706 3935 1754 3977; x_wconf 81' lang='lat' dir='ltr'><strong>st.</strong></span> 
     </span>
     <span class='ocr_line' id='line_1_32' title="bbox 367 4012 1754 4093; baseline 0.004 -23"><span class='ocrx_word' id='word_1_306' title='bbox 367 4032 434 4071; x_wconf 90' lang='lat' dir='ltr'><strong>cum</strong></span> <span class='ocrx_word' id='word_1_307' title='bbox 460 4034 495 4071; x_wconf 88' lang='lat' dir='ltr'><strong>eo</strong></span> <span class='ocrx_word' id='word_1_308' title='bbox 523 4020 682 4076; x_wconf 85' lang='lat' dir='ltr'><strong>consulem.</strong></span> <span class='ocrx_word' id='word_1_309' title='bbox 714 4014 763 4079; x_wconf 79' lang='lat'><strong>30.</strong></span> <span class='ocrx_word' id='word_1_310' title='bbox 782 4015 881 4085; x_wconf 79' lang='lat' dir='ltr'><strong>missi3</strong></span> <span class='ocrx_word' id='word_1_311' title='bbox 902 4016 1031 4092; x_wconf 86' lang='lat' dir='ltr'><strong>utrique.</strong></span> <span class='ocrx_word' id='word_1_312' title='bbox 1054 4015 1102 4085; x_wconf 72' lang='lat' dir='ltr'><strong>lo.</strong></span> <span class='ocrx_word' id='word_1_313' title='bbox 1118 4018 1283 4093; x_wconf 87' lang='lat' dir='ltr'><strong>negotistus</strong></span> <span class='ocrx_word' id='word_1_314' title='bbox 1299 4029 1382 4084; x_wconf 81' lang='lat' dir='ltr'><strong>esset,</strong></span> <span class='ocrx_word' id='word_1_315' title='bbox 1404 4018 1453 4089; x_wconf 67' lang='lat'><strong>43.</strong></span> <span class='ocrx_word' id='word_1_316' title='bbox 1468 4018 1513 4075; x_wconf 88' lang='lat' dir='ltr'><strong>uti</strong></span> <span class='ocrx_word' id='word_1_317' title='bbox 1527 4014 1669 4077; x_wconf 75' lang='lat' dir='ltr'><strong>Catilina.</strong></span> <span class='ocrx_word' id='word_1_318' title='bbox 1702 4012 1754 4085; x_wconf 69' lang='grc'><strong>46.</strong></span> 
     </span>
     <span class='ocr_line' id='line_1_33' title="bbox 366 4108 1755 4193; baseline 0.001 -26"><span class='ocrx_word' id='word_1_319' title='bbox 366 4108 439 4188; x_wconf 83' lang='lat' dir='ltr'><strong>qnid</strong></span> <span class='ocrx_word' id='word_1_320' title='bbox 455 4110 532 4169; x_wconf 86' lang='lat' dir='ltr'><strong>sacto</strong></span> <span class='ocrx_word' id='word_1_321' title='bbox 554 4132 628 4192; x_wconf 84' lang='lat' dir='ltr'><strong>opus</strong></span> <span class='ocrx_word' id='word_1_322' title='bbox 648 4116 695 4178; x_wconf 80' lang='lat' dir='ltr'><strong>sit,</strong></span> <span class='ocrx_word' id='word_1_323' title='bbox 726 4114 774 4193; x_wconf 66' lang='lat'><strong>47.</strong></span> <span class='ocrx_word' id='word_1_324' title='bbox 789 4112 838 4169; x_wconf 88' lang='lat' dir='ltr'><strong>cui</strong></span> <span class='ocrx_word' id='word_1_325' title='bbox 856 4112 949 4169; x_wconf 82' lang='lat' dir='ltr'><strong>latum</strong></span> <span class='ocrx_word' id='word_1_326' title='bbox 969 4109 1051 4168; x_wconf 89' lang='lat' dir='ltr'><strong>urbis</strong></span> <span class='ocrx_word' id='word_1_327' title='bbox 1068 4112 1159 4187; x_wconf 88' lang='lat' dir='ltr'><strong>potiri</strong></span> <span class='ocrx_word' id='word_1_328' title='bbox 1180 4142 1198 4157; x_wconf 92' lang='lat'>-</span> <span class='ocrx_word' id='word_1_329' title='bbox 1216 4112 1369 4174; x_wconf 72' lang='lat' dir='ltr'><strong>abdicatus</strong></span> <span class='ocrx_word' id='word_1_330' title='bbox 1387 4136 1404 4173; x_wconf 85' lang='lat' dir='ltr'><strong>n</strong></span> <span class='ocrx_word' id='word_1_331' title='bbox 1422 4114 1605 4192; x_wconf 76' lang='lat' dir='ltr'><strong>magistratu.</strong></span> <span class='ocrx_word' id='word_1_332' title='bbox 1633 4122 1682 4187; x_wconf 64' lang='lat'><strong>49.</strong></span> <span class='ocrx_word' id='word_1_333' title='bbox 1701 4128 1755 4169; x_wconf 82' lang='lat' dir='ltr'><strong>ex·</strong></span> 
     </span>
     <span class='ocr_line' id='line_1_34' title="bbox 362 4206 1750 4291; baseline 0 -27"><span class='ocrx_word' id='word_1_334' title='bbox 362 4206 499 4267; x_wconf 79' lang='lat' dir='ltr'><strong>ercebnnt</strong></span> <span class='ocrx_word' id='word_1_335' title='bbox 518 4238 537 4255; x_wconf 89' lang='lat'><strong>·</strong></span> <span class='ocrx_word' id='word_1_336' title='bbox 555 4220 743 4291; x_wconf 79' lang='lat' dir='ltr'><strong>oppugnatus</strong></span> <span class='ocrx_word' id='word_1_337' title='bbox 764 4208 969 4289; x_wconf 82' lang='lat' dir='ltr'><strong>pecuniarum.</strong></span> <span class='ocrx_word' id='word_1_338' title='bbox 995 4208 1044 4275; x_wconf 81' lang='lat'><strong>50,</strong></span> <span class='ocrx_word' id='word_1_339' title='bbox 1064 4209 1171 4264; x_wconf 84' lang='lat' dir='ltr'><strong>electos</strong></span> <span class='ocrx_word' id='word_1_340' title='bbox 1196 4212 1365 4269; x_wconf 75' lang='lat' dir='ltr'><strong>exercitatos</strong></span> <span class='ocrx_word' id='word_1_341' title='bbox 1392 4210 1496 4269; x_wconf 75' lang='lat' dir='ltr'><strong>mebet</strong></span> <span class='ocrx_word' id='word_1_342' title='bbox 1521 4210 1555 4267; x_wconf 87' lang='lat' dir='ltr'><strong>iu</strong></span> <span class='ocrx_word' id='word_1_343' title='bbox 1581 4206 1750 4275; x_wconf 73' lang='lat' dir='ltr'><strong>audaciam,</strong></span> 
     </span>
    </p>
   </div>
   <div class='ocr_carea' id='block_1_9' title="bbox 0 0 1930 4867">
    <p class='ocr_par' dir='ltr' id='par_1_9' title="bbox 0 0 1930 4867">
     <span class='ocr_line' id='line_1_35' title="bbox 0 0 1930 4867; baseline 0 14"><span class='ocrx_word' id='word_1_344' title='bbox 0 0 1930 4867; x_wconf 95' lang='lat' dir='ltr'><strong> </strong></span> 
     </span>
    </p>
   </div>
  </div>
 </body>
</html>
