3850 4867
383 248 453 336 ¹4⁰

378 419 521 515 fuerat,
546 423 721 502 evadunt.
752 425 896 504 Amisso
919 425 1021 515 loco,
1048 419 1224 500 Numidae
1237 415 1313 494 fusi
1336 411 1549 520 fugatique,
1573 401 1689 512 pauci
1707 401 1762 476 in·

377 545 532 642 teriere3
552 548 753 653 plerosque
771 548 948 630 velocitas
975 564 1014 624 et
1040 545 1141 652 regio
1165 543 1337 619 hostibus
1364 540 1494 644 ignara
1524 546 1648 608 tutata
1669 540 1764 602 sunt

377 669 526 748 Interea
541 673 745 764 Bomilcar,
768 701 885 776 quem
902 671 1115 776 elephantis
1140 686 1178 744 et
1195 667 1295 773 parti
1313 664 1511 768 copiarum
1537 652 1765 761 pedestrium

377 792 600 896 praefectum
622 798 673 870 ab
695 795 880 900 Iugurtha
901 795 1219 899 supradiximus,
1243 789 1312 864 ubi
1334 814 1424 863 eum
1434 781 1600 858 Rutilius
1615 789 1764 883 praeter·

376 942 518 1020 gressus
541 935 614 1009 est,
639 919 843 1022 paullatim
860 945 946 996 suos
977 919 1018 994 in
1050 943 1204 1020 oeqamm
1225 916 1354 990 locum
1376 907 1560 986 deducit:
1585 929 1651 994 ac,
1674 899 1765 976 dum

376 1038 519 1144 legatus
539 1041 589 1118 ad
609 1042 773 1132 flumen,
790 1052 869 1146 quo
890 1040 1101 1146 praemissus
1122 1055 1221 1129 crat,
1246 1037 1427 1114 festinans
1445 1030 1584 1138 pergit,
1608 1027 1767 1131 quiem,

291 1165 300 1186 ”
376 1163 435 1240 uti
452 1191 509 1240 res
530 1165 763 1267 postulabat,
789 1165 911 1240 aciem
933 1180 1115 1243 exornat:
1140 1189 1265 1266 neque
1289 1158 1466 1248 remittit,
1501 1152 1597 1258 quid
1624 1151 1768 1252 ubique

375 1283 493 1362 hostis
506 1305 655 1392 egomt,
689 1289 892 1392 explorare
937 1291 1142 1391 Postquam
1161 1287 1351 1362 Rutilium
1388 1281 1594 1358 consedisse
1626 1277 1705 1351 iam
1734 1289 1770 1348 et

375 1410 506 1488 animo
530 1439 696 1486 vacuum
718 1412 883 1516 accepit,
910 1411 1102 1514 simulque
1124 1437 1170 1484 ex
1190 1406 1383 1514 Iugurthae
1409 1404 1541 1510 praelio
1566 1400 1770 1478 clamorem

376 1534 534 1638 augeri,
547 1535 709 1626 veritus,
732 1563 782 1611 ne
803 1536 967 1638 legatus,
991 1533 1143 1636 cognita
1169 1559 1225 1623 re,
1250 1529 1514 1607 laborantibus
1532 1523 1608 1600 suis
1627 1521 1770 1598 auxilio

375 1655 488 1747 foret,
513 1657 650 1746 aciem,
674 1685 792 1760 quam
813 1657 986 1732 diffidens
1006 1657 1139 1731 virtuti
1166 1655 1334 1742 militum
1363 1668 1443 1728 arte
1464 1663 1665 1739 statuerat,
1693 1670 1772 1748 quo

378 1775 548 1856 hostium
567 1782 698 1856 itineri
724 1780 927 1872 obiiceret,
945 1779 1060 1856 latius
1083 1779 1243 1884 porrigit
1250 1810 1261 1873 3
1282 1802 1402 1880 eoque
1430 1759 1544 1851 modo
1568 1769 1774 1860 adRutilii

327 1935 364 2000 ⁵3
380 1919 501 1979 castra
533 1904 713 2008 procedit
764 1905 927 1980 Romani
968 1930 1015 1981 ex
1049 1903 1252 2008 improviso
1285 1899 1450 2006 pulveris
1481 1897 1560 1973 vim
1593 1920 1774 1998 magnam

374 2026 718 2116 animadvortunt,
737 2053 830 2102 nam
846 2043 1088 2132 prospectum
1107 2053 1195 2130 ager
1219 2024 1381 2102 arbustis
1406 2021 1572 2100 consitus
1594 2017 1774 2125 prohibe
1883 2085 1884 2136 3

373 2149 450 2225 bat.
499 2151 549 2224 Et
566 2149 692 2254 primo
709 2150 782 2226 rati
798 2148 965 2226 humum
983 2139 1130 2226 aridam
1144 2163 1257 2225 rento
1276 2146 1410 2252 agitari
1428 2179 1436 2221 a
1460 2161 1546 2250 post
1561 2143 1630 2220 ubi
1645 2165 1774 2246 teque·
1883 2213 1884 2240 ,

373 2265 492 2350 bilem
508 2300 663 2350 manere
685 2291 743 2364 et,
763 2274 875 2350 sicuti
897 2274 993 2350 acies
1014 2273 1259 2363 movebatur,
1275 2270 1392 2375 magis
1417 2269 1609 2374 magisque
1635 2266 1774 2372 adpro-

373 2396 565 2500 pinquare
595 2379 743 2488 rident,
776 2399 926 2502 cognita
958 2425 1021 2488 re,
1046 2412 1291 2502 properantes
1314 2422 1419 2470 arma
1443 2393 1603 2497 capiunt
1625 2417 1672 2466 ac
1702 2416 1774 2494 pm

375 2519 523 2609 castris,
540 2519 653 2596 sicuti
671 2521 949 2624 imperabatur,
963 2522 1183 2599 consistunt
1233 2519 1402 2608 Deinde,
1417 2517 1485 2593 ubi
1508 2515 1666 2620 propius
1683 2540 1774 2592 ven-
1883 2601 1884 2606 ,

377 2657 460 2715 tum
477 2659 548 2730 est,
566 2644 760 2748 utrimque
777 2672 915 2749 magno
930 2644 1095 2720 clamore
1110 2642 1362 2719 concurritur.
1411 2639 1586 2728 Numidae
1604 2653 1773 2716 tantum·

373 2764 489 2841 modo
513 2768 711 2860 remorati,
730 2766 825 2843 dum
849 2769 892 2844 in
931 2765 1143 2874 elephantis
1173 2764 1361 2843 auxilium
1385 2780 1546 2870 putant3
1570 2778 1772 2868 postquam

302 3027 306 3033 ,
373 2967 433 3028 duo
445 2969 535 3030 nuit·
552 2972 649 3038 Senot.
665 2993 690 3032 ι.
711 2971 807 3034 Guell.
823 2994 848 3034 1.
869 2973 985 3034 Gruter.
1002 2981 1138 3054 precept.
1151 2982 1215 3033 erat
1236 2972 1383 3032 Commel.
1402 2969 1494 3036 Mark.
1501 2983 1532 3036 r.
1551 2967 1614 3030 llas.
1629 2991 1654 3028 i.
1676 2987 1774 3050 vesper

372 3075 479 3134 oderat
497 3075 565 3142 Vin.
576 3097 604 3138 a.
621 3078 702 3138 l'rat.
716 3098 745 3139 a.
765 3079 884 3144 Leidb.
896 3081 925 3144 k,
945 3080 1030 3138 Bern.
1046 3101 1071 3145 ι,
1089 3079 1239 3159 planasque
1251 3077 1387 3137 velocitas
1405 3075 1474 3138 Vin.
1492 3095 1517 3140 r.
1537 3073 1659 3139 Remi.
1676 3071 1772 3133 Guelf.

192 3233 199 3242 ,
254 3255 259 3263 ,
373 3183 401 3240 3.
423 3188 566 3242 tutomnt
585 3183 670 3242 Rern.
683 3204 711 3244 ι.
731 3183 827 3245 Suur.
847 3184 955 3243 Seue.
975 3184 1075 3245 Herse.
1096 3183 1232 3254 GuelM.
1249 3203 1297 3242 aa.
1315 3181 1395 3242 Laid.
1408 3181 1437 3240 d.
1450 3179 1512 3244 th.
1532 3177 1716 3239 Bomulcbor
1735 3179 1773 3238 ita
1883 3203 1884 3212 ¹

370 3281 431 3342 Bes.
445 3286 474 3355 l.
495 3297 670 3347 constanter.
690 3287 724 3348 in
736 3307 851 3366 equum
869 3287 989 3348 deducit
1007 3289 1089 3351 viat.
1102 3291 1130 3351 3.
1151 3307 1241 3366 neque
1254 3283 1372 3346 interim
1386 3285 1512 3358 remittit-⁸
1527 3271 1772 3366 Leid.'c.d.g.m.
1883 3369 1884 3372 Ἴ

370 3385 496 3448 Putschii
509 3388 585 3449 Cod.
606 3390 668 3451 rum
682 3391 878 3452 om.1tam.2.
897 3388 988 3453 lead.
1003 3390 1126 3457 Luat.
1149 3391 1256 3472 occisit
1274 3390 1342 3452 Ecc.
1358 3390 1454 3450 Guell.
1467 3411 1512 3450 ιι.
1533 3389 1618 3450 Rem.
1630 3409 1657 3449 a.
1678 3397 1706 3450 et
1722 3397 1773 3448 ue

368 3491 420 3550 alii
436 3490 518 3551 Cort.
537 3513 571 3553 eo
584 3497 674 3556 moda
695 3499 800 3558 Frena.
818 3495 902 3557 Bern.
920 3515 946 3561 r.

441 3617 571 3699 Cep-53.
592 3642 679 3683 armn
694 3617 780 3705 prop.
793 3622 916 3705 cupiunt
932 3623 1002 3683 Tur.
1023 3640 1132 3703 mugrto
1144 3621 1182 3682 cl.
1201 3621 1391 3684 ‘concurrant
1410 3621 1478 3684 vin.
1493 3644 1519 3684 ι.
1539 3623 1645 3684 Franc.
1663 3623 1732 3684 Seu.
1746 3643 1772 3684 a.
1883 3629 1884 3636 ’

330 3725 335 3736 ’
367 3721 469 3783 Heia.
489 3723 624 3790 GuellZI.
643 3727 777 3794 Ieid.m.
796 3729 881 3789 Bam.
900 3749 926 3788 t.
945 3748 994 3788 eor
1009 3727 1084 3808 imp.
1107 3747 1195 3809 pron.
1216 3749 1277 3788 om.
1293 3727 1472 3799 Gueltdl.
1492 3749 1529 3788 cc
1544 3727 1638 3789 noctis
1656 3727 1726 3788 Vin.
1744 3747 1769 3788 s.
1883 3749 1884 3752 ¹

366 3826 467 3892 cnut
490 3850 536 3890 ia.
563 3840 650 3908 utque
665 3849 696 3892 n.
720 3837 823 3900 Frane.
844 3833 925 3915 copti
936 3843 1006 3894 runt
1025 3831 1087 3892 Bas.
1107 3851 1133 3894 t.
1153 3831 1303 3908 interfecti
1312 3843 1379 3893 sunt
1405 3831 1466 3892 Bas.
1479 3831 1508 3905 l.
1537 3852 1659 3893 numero
1672 3830 1770 3896 XXX.

368 3931 450 3991 Laid.
466 3933 718 3998 a.c.c.ls.m.n.
747 3937 1000 4004 stem,1.rran0.
1029 3937 1089 3998 Erl.
1109 3937 1204 4000 stmv.
1224 3938 1284 3999 inc.
1300 3957 1325 3999 1.
1346 3936 1502 4000 Goellra.
1522 3937 1767 4018 RiriietPopme
1883 3943 1884 3956 ¹

368 4034 467 4096 Codd.
486 4038 600 4118 aliquot
613 4037 738 4102 Gruterl.
758 4037 859 4113 lirul.
869 4043 947 4120 scari
955 4041 1077 4122 lassique
1087 4049 1175 4101 erem
1192 4039 1261 4102 Vin.
1274 4061 1301 4102 a.
1321 4041 1401 4104 Vrat.
1412 4063 1440 4101 a.
1459 4041 1555 4106 Guell.
1570 4041 1599 4102 3.
1611 4041 1640 4113 l.
1659 4041 1767 4102 Laide.

367 4141 457 4203 elteri
473 4162 521 4221 op.
539 4143 665 4205 dtentm
682 4143 751 4205 Nar.
772 4145 891 4208 comm.
911 4147 979 4208 vin.
995 4167 1020 4210 1.
1041 4145 1137 4206 Guelf.
1159 4165 1184 4203 ι.
1203 4144 1271 4228 Teg.
1302 4145 1372 4207 Tur.
1393 4167 1495 4228 mpr.
1523 4146 1685 4208 morinum
1703 4154 1768 4208 etet

300 4232 303 4238 Ι
367 4249 505 4325 velforet
523 4247 609 4312 Rem.
625 4271 651 4312 t.
671 4251 807 4333 paucior
823 4237 907 4314 coit.
934 4250 1017 4313 leid.
1028 4271 1056 4332 g.
1068 4247 1100 4310 b.
1115 4269 1156 4310 m.
1171 4269 1202 4308 n.
1216 4270 1243 4310 a.
1255 4249 1292 4312 b..
1306 4251 1356 4314 sed
1366 4253 1417 4314 alii
1431 4253 1490 4314 alio
1505 4255 1583 4314 loco.
1611 4259 1681 4313 otto
1699 4254 1768 4315 edo.-
