3850 4867
1456 325 1526 418 189
1643 365 1649 375 ·

119 533 185 583 ιιι.
198 509 420 605 admonuit,
445 512 626 588 idoneum
646 512 767 587 risum
782 525 860 600 est,
884 508 931 584 de
948 523 1086 583 natura
1118 507 1303 610 cultuque
1330 504 1416 588 eius,
1429 529 1524 607 pau-

120 632 172 706 cis
195 633 344 709 dicere·
335 636 495 738 ,neque
519 637 622 712 enim
640 636 717 710 alio
739 635 824 710 loco
845 633 894 709 de
919 632 1034 708 Sullae
1062 632 1172 706 rebus
1200 631 1341 706 dicturi
1362 647 1522 705 sumus.

119 769 157 827 et
178 757 219 830 L
242 758 401 832 Sisenna
423 776 579 881 optume
595 776 634 834 et
651 759 945 864 diligentissume
962 757 1154 844 omnium,
1181 755 1248 856 qui
1269 782 1331 829 eas
1346 779 1401 828 res
1423 753 1525 830 dixe·

118 903 186 966 re,
212 897 453 983 persecutus,
478 909 617 985 parum
641 877 737 982 milii
765 881 885 955 libero
922 907 986 954 ore
1016 879 1165 953 locutus
1195 878 1353 953 videtur.
1403 879 1526 980 Igitur

119 1002 222 1076 Sulla
237 1004 361 1106 gentis
372 1005 542 1108 patricioe
558 977 699 1080 nobilis
710 1004 803 1093 fuit,
819 1003 963 1078 familia
983 1029 1102 1105 prope
1114 1002 1190 1074 iam
1206 1002 1387 1076 exstincta
1407 1001 1525 1078 maio-

119 1153 206 1200 rum
228 1127 399 1231 ignaria,
425 1128 542 1202 literis
564 1128 706 1203 Groecis
725 1145 840 1230 atque
854 1125 997 1200 Latinis
1019 1126 1176 1200 iuxtaet
1197 1124 1421 1200 doctissume
1438 1153 1537 1202 eru·-

118 1249 241 1340 ditus,
269 1251 399 1326 animo
425 1253 592 1357 ingenti,
625 1244 788 1354 cupidus
811 1251 1078 1352 voluptatum,
1098 1247 1162 1321 sed
1183 1248 1313 1352 gloriae
1331 1249 1522 1350 cupidior:

116 1373 191 1448 otio
216 1375 414 1450 luxurioso
431 1401 526 1466 esse,
550 1392 676 1450 tamen
698 1375 748 1449 ab
764 1374 921 1478 negotiis
941 1399 1155 1473 numquam
1173 1371 1345 1475 voluptas
1359 1401 1524 1450 remora·

117 1513 173 1587 ta;
195 1498 273 1572 nisi
295 1497 402 1601 quod
422 1498 470 1577 de
496 1526 614 1575 uxore
641 1500 769 1603 potnit
789 1497 983 1573 honestius
1011 1495 1186 1572 consuli:
1213 1494 1420 1586 facundus,
1446 1496 1523 1572 cal-

119 1619 216 1696 lidus
244 1638 285 1698 et
319 1622 498 1697 amicitia
515 1621 636 1698 facilis
660 1623 739 1698 :ad
768 1620 985 1698 simulanda
1021 1620 1169 1723 negotia
1193 1618 1358 1694 altitudo
1378 1620 1522 1726 ingenii

120 1743 355 1820 incredibilis
375 1779 384 1818 ε
409 1745 620 1821 multarum
639 1773 768 1822 rerum
786 1773 832 1820 ao
851 1769 1028 1818 maxume
1050 1742 1222 1846 pecuniae
1239 1741 1404 1846 largitor.
1454 1749 1522 1820 Aa

117 1893 188 1970 que
208 1867 270 1942 illi
288 1867 516 1944 felicissumo
537 1871 712 1945 omnium
723 1885 812 1944 ante
830 1867 978 1942 civilem
999 1865 1444 1968 victoriam,numquam
1458 1895 1521 1944 su-

116 2015 180 2090 per
201 1991 434 2068 industriam
459 1991 614 2068 lbrtuna
629 1990 704 2068 fuit
727 2026 735 2065 ε
762 1991 952 2093 multique
967 1989 1205 2076 dubitavere,
1235 1988 1369 2064 fortior
1393 2019 1443 2065 an
1462 1991 1516 2066 se·

119 2111 223 2188 licior
245 2133 361 2209 esset,
385 2143 478 2190 nam
499 2133 634 2221 postea-
647 2143 733 2220 quae
753 2114 897 2204 fecerit,
922 2114 1114 2188 incertum
1134 2108 1275 2200 habeo,
1299 2113 1447 2217 pudeat·
1464 2143 1515 2198 au

118 2237 242 2341 pigeat.
255 2238 443 2314 disserere.
492 2240 615 2345 Igitur
633 2239 758 2330 Sulla,
776 2239 835 2315 uti
850 2235 1127 2341 supradictum
1142 2251 1216 2326 est,
1241 2253 1443 2340 postquam
1469 2239 1511 2314 in
1525 2237 1565 2318 9⁶

120 2359 282 2437 lllricam
306 2377 421 2463 atque
442 2362 483 2436 in
517 2378 636 2437 castra
664 2364 779 2438 Marii
802 2390 891 2437 cum
922 2361 1099 2462 equitatu
1117 2358 1244 2448 venit,
1270 2361 1374 2434 rudis
1402 2378 1512 2438 antea

120 2500 155 2556 et
173 2475 326 2589 ignarus
355 2485 466 2573 belli,
490 2485 779 2561 sollertissumus
799 2484 974 2560 omnium
997 2483 1038 2556 in
1073 2483 1205 2586 pauois
1232 2486 1515 2587 tempestatibus
1610 2477 1612 2480 ⁵

121 2603 233 2682 lactus
253 2625 318 2684 ert
366 2608 427 2683 Ad
451 2607 525 2683 hoc
553 2608 691 2683 milites
716 2609 880 2714 benigne
895 2606 1106 2711 adpella1e3
1117 2604 1268 2682 multis
1276 2611 1514 2712 rogantibus,

122 2727 196 2804 aliis
211 2758 279 2854 per
296 2756 334 2806 so
349 2731 440 2837 ipse
436 2731 540 2806 dare
561 2732 798 2824 beneficia,'
788 2733 929 2807 1nvitus
946 2731 1143 2832 accipere-z
1167 2729 1232 2804 sed
1250 2757 1292 2805 ea
1305 2759 1516 2838 properans

123 2852 188 2928 tius
209 2880 327 2959 quam
343 2881 391 2930 aes
413 2871 595 2929 mutuum
615 2857 793 2941 reddere·
784 2858 899 2960 ,ipse
927 2854 976 2928 ab
997 2843 1105 2928 nullo
1129 2869 1312 2956 repetere:
1338 2857 1455 2962 magis
1473 2857 1513 2932 id

124 3047 162 3105 uti
176 3054 287 3134 reliqui.
319 3052 458 3131 nicomiam
476 3073 530 3114 not
555 3074 643 3134 pron.
660 3055 761 3114 sedern
777 3054 879 3115 variat
883 3053 914 3110 in
941 3051 1093 3110 parisinis..
1112 3051 1151 3109 de
1174 3059 1286 3120 natum
1305 3071 1364 3111 erus
1375 3054 1512 3134 mritoque

125 3149 210 3212 Graii.
226 3177 270 3216 ιο.
292 3157 500 3221 ιὶιιιοιη.Ειο.
521 3158 683 3236 anomalia
696 3159 760 3218 loro
780 3157 877 3216 Guell.
889 3155 918 3214 t
937 3155 1034 3234 gentis
1039 3154 1174 3234 patricia
1194 3155 1369 3232 nobdr'ssm't
1389 3160 1429 3218 ita
1442 3181 1511 3218 om-

123 3275 167 3314 aer
181 3260 234 3318 lore
251 3261 329 3320 libri.
350 3261 527 3337 nobilissuit
545 3264 576 3320 in
589 3263 699 3324 Fabric.
717 3284 742 3320 ι.
762 3263 793 3320 in
811 3262 940 3340 margine
952 3281 1001 3318 ιιι.
1014 3279 1059 3338 pr.
1080 3259 1239 3340 adserituit.
1261 3259 1321 3318 iam
1336 3283 1426 3343 prope
1446 3263 1509 3324 Bas.

126 3381 150 3416 1.
170 3363 244 3423 Vnt.
254 3386 283 3430 a.
313 3365 409 3424 Guell.
425 3386 470 3430 ιι,
491 3377 518 3426 et
535 3365 645 3426 Latinis
672 3367 734 3430 Bar.
751 3387 777 3424 ι.
798 3365 880 3424 iuxta
893 3373 989 3441 atqrte.
1024 3371 1110 3440 atqie
1123 3365 1154 3422 in
1176 3367 1289 3445 aliquot
1311 3365 1460 3444 Ciaoeonii
1481 3379 1509 3430 et

125 3463 226 3528 Gruteri
243 3471 323 3528 libris
339 3471 662 3530 omissumluenrioso
679 3489 744 3530 csse.
766 3489 822 3529 esse
843 3491 903 3526 orn.
925 3467 1022 3526 Guals.
1036 3467 1064 3531 3.
1094 3467 1178 3526 Rem.
1194 3489 1219 3527 1.
1243 3468 1389 3529 luxuriose
1411 3471 1508 3534 Turio.

125 3565 247 3644 Caelii.
267 3576 352 3632 aditu
366 3581 393 3632 rt
411 3573 655 3650 amicitiasooilis
674 3573 808 3634 caelet
827 3571 907 3633 Vrat.
921 3592 946 3629 ι.
969 3570 1096 3630 Palios.
1119 3569 1243 3632 Putsohii
1253 3571 1341 3648 liber,
1361 3575 1442 3642 Laid.
1452 3600 1478 3637 c.
1488 3580 1509 3638 i.

126 3676 258 3736 namot.
271 3687 298 3737 et
314 3699 374 3736 om.
392 3677 476 3738 Bam.
493 3699 517 3735 ι.
538 3678 713 3753 illifiliea'ss.
734 3698 822 3758 pron.
843 3697 903 3739 om.
923 3675 990 3734 Eoo.
1012 3674 1110 3734 Guell.
1121 3675 1150 3736 3.
1170 3680 1268 3757 pluras
1277 3677 1356 3738 Laid.
1368 3682 1526 3742 tresGru-‹

128 3779 173 3840 ἰπὶ
186 3783 321 3841 meliores.
338 3783 447 3860 puteat
461 3782 555 3859 magis
579 3782 660 3841 Leid.
671 3782 700 3839 b.
711 3783 772 3843 as.
797 3783 887 3859 prule!
903 3781 996 3857 magc's
1014 3800 1055 3841 on
1069 3781 1149 3860 piget
1177 3780 1290 3842 Fabric.
1301 3782 1397 3844 llam.
1417 3784 1507 3848 dead.

131 3882 241 3946 Vitta·
260 3888 355 3947 Strur.
375 3885 443 3946 Ere.
464 3885 722 3968 Gueil.7.rr.12.
742 3886 821 3945 laid.
833 3909 860 3944 c.
872 3884 903 3948 h.-
916 3885 947 3944 d.
968 3885 1018 3964 qui
1035 3895 1130 3944 tamen
1140 3885 1234 3964 magis
1246 3891 1418 3970 transponit.
1438 3891 1507 3975 Teg.

129 3980 180 4049 ⁸²¹.
191 3990 217 4059 4.
239 3991 320 4054 Paris.
329 3990 398 4056 tad.
418 3991 487 4052 Tur.
498 4043 500 4047 .
512 3993 623 4070 pudeat
639 4011 680 4049 an
694 3990 793 4072 pigeat
808 3990 901 4068 magis
920 3989 1001 4048 Laid.
1015 4011 1040 4050 c.
1053 3991 1075 4050 i.
1089 3991 1116 4049 k.
1128 3995 1152 4050 l.
1165 3990 1270 4073 Regius
1282 3993 1386 4055 Wassii
1392 4034 1405 4066 ,
1420 3995 1520 4057 Bana,

132 4107 152 4144 t·
168 4093 251 4172 nugr'a
269 4095 362 4155 inllas.
377 4116 405 4154 ι.
424 4118 467 4154 ιιι,
478 4116 536 4157 soc.
549 4096 672 4156 addidit.
695 4117 756 4156 om.
772 4095 852 4159 Laid.
862 4116 888 4154 a.
899 4115 931 4152 n.

198 4219 262 4304 Cap,
277 4227 327 4306 96.
348 4225 393 4285 uti
406 4245 493 4308 aigro
506 4226 681 4303 mediolana
701 4233 740 4283 est
771 4222 870 4283 liuta.
898 4221 1085 4286 molimira
1105 4221 1418 4290 Comntel,.Marl.n;
1446 4226 1518 4306 ipe·
1576 4193 1583 4208 ·
