3850 4867
1493 315 1542 408 ιι

141 485 272 560 crevit
307 488 357 562 Hi
380 489 634 595 magistratus,
658 491 890 596 provincias,
906 488 1202 594 aliaque'omnia
1221 504 1370 564 tenere:
1396 487 1466 594 ipsi
1484 490 1543 564 in-

141 611 272 703 noxii,
295 611 494 701 florentes.
518 617 599 691 sine
613 633 721 692 metu
740 633 889 690 aetatem
911 642 1037 719 agere,
1061 630 1278 717 ceterosque
1298 613 1449 690 iudiciis
1469 629 1543 688 ter-

141 759 247 826 rere,
263 765 341 840 quo
362 739 511 843 plebem
530 740 571 814 in
593 741 815 844 magistratu
837 739 1025 842 placidius
1044 755 1258 814 tractarent
1289 737 1359 813 Sed
1379 738 1447 813 ubi
1465 739 1544 842 pri-

141 885 255 934 mum
278 862 406 938 dubiis
424 863 535 940 rebus
562 863 746 940 novandis
764 888 845 967 spos
873 862 999 938 oblata
1020 878 1092 953 est,
1115 879 1222 938 vetus
1249 879 1440 938 certamen
1460 861 1544 937 ani-

145 1011 229 1060 mos
246 1013 380 1062 eorum
399 988 547 1064 arrexit
586 987 702 1085 Quod
724 987 755 1060 si
780 985 904 1090 primo
923 985 1055 1089 praelio
1076 985 1241 1061 Catilina
1262 988 1454 1091 superior,
1477 999 1546 1062 aut

144 1133 259 1212 aequa
283 1137 403 1188 manu
436 1112 677 1205 discessisset;
700 1110 869 1214 profecto
899 1135 1038 1213 magna
1064 1108 1190 1184 clades
1214 1128 1329 1214 atque
1354 1110 1547 1186 calamitas

145 1233 427 1340 rempublicam
449 1236 705 1340 oppressisset,
724 1259 861 1336 ,neque
890 1232 984 1323 illis,
1015 1207 1084 1336 qui
1106 1233 1305 1309 victoriam
1333 1233 1460 1337 adepti
1490 1233 1549 1308 fo·

146 1373 255 1447 rent,
281 1358 426 1434 diutius
456 1384 499 1434 ea
528 1359 586 1434 uti
616 1357 803 1448 licuisset,
837 1356 936 1459 quin
960 1354 1109 1430 defessis
1128 1372 1167 1431 et
1187 1358 1455 1462 exsanguibus,
1480 1358 1550 1460 qui

146 1479 237 1583 plus
266 1499 405 1585 posset,
439 1481 644 1586 imperium
668 1497 784 1584 atque
816 1480 1031 1555 libertatem
1053 1496 1302 1582 extorqueret.
1348 1483 1471 1556 Fuere
1495 1498 1551 1556 ta·

147 1630 238 1681 men
258 1621 364 1681 extra
387 1606 692 1682 'coniurationem
705 1605 936 1709 complures,
952 1603 1021 1707 qui
1042 1602 1092 1678 ad
1106 1604 1313 1679 Catilinam
1335 1603 1447 1680 initio
1463 1633 1551 1709 pro-

149 1727 240 1802 fecti
261 1745 370 1822 sunt,
395 1729 437 1804 in
458 1728 518 1840 bis
536 1731 577 1805 Α
594 1730 768 1818 Fulvius,
793 1729 983 1804 Senatoris
1006 1726 1126 1820 fitius,
1149 1753 1266 1830 quem
1281 1743 1489 1804 retractum
1508 1757 1554 1805 ex

149 1853 289 1930 itinere
310 1880 447 1959 parens
473 1856 601 1930 necari
626 1855 741 1930 iussit.
792 1853 914 1928 Isdem
942 1851 1176 1954 temporibus
1201 1854 1330 1927 Romae
1350 1852 1554 1944 Lentulus,

149 1975 264 2052 sicuti
283 1977 447 2064 Catilina
469 1995 721 2081 praeceperat,
745 2001 1008 2082 quoscumque
1029 1975 1198 2051 moribus
1218 1993 1287 2051 aut
1305 1975 1461 2051 fortuna
1484 2002 1554 2052 no-

152 2099 208 2174 vis
233 2099 346 2176 rebus
367 2100 522 2178 idoneos
537 2100 733 2191 credebat,
759 2116 993 2206 autperto,
1016 2115 1085 2175 aut
1106 2127 1176 2204 per
1194 2100 1288 2176 alios
1308 2099 1555 2194 sollicitabat3

153 2249 280 2326 neque
309 2224 434 2299 solum
461 2224 576 2315 civis,
609 2225 674 2300 sed
698 2224 884 2325 cuiusque
917 2222 1023 2298 modi
1053 2250 1170 2329 genus
1196 2223 1417 2314 hominum,
1450 2224 1556 2326 quod

155 2347 271 2422 modo
290 2347 392 2422 bello
414 2348 501 2422 usui
521 2347 630 2434 soret.
664 2347 786 2451 Igitur
803 2351 840 2422 P.
861 2349 1056 2423 Umbreno
1079 2347 1240 2423 cuidam
1252 2348 1448 2452 negotium
1468 2346 1552 2437 dat,
1564 2363 1602 2436 to

155 2471 213 2544 uti
243 2471 384 2575 legatos
407 2471 657 2576 Allobrogum
691 2472 881 2575 requirat,
907 2497 1063 2574 eosque,
1086 2471 1118 2546 si
1144 2472 1283 2575 possit,
1309 2471 1496 2578 impellat,
1507 2470 1558 2545 ad

156 2692 255 2754 Βιιζι.
270 2695 298 2754 3.
321 2695 418 2754 Guels.
431 2697 459 2766 l.
474 2715 518 2754 ιο.
540 2693 621 2753 Laid.
631 2717 658 2754 a.
670 2693 700 2753 b.
714 2694 745 2756 d.
757 2715 782 2756 e.
794 2697 814 2755 l'.
829 2715 869 2755 m.
890 2695 974 2758 bern.
989 2712 1015 2753 a.
1036 2693 1099 2753 clio
1112 2694 1224 2754 omnic.
1244 2692 1314 2754 Tur.
1331 2713 1358 2753 a.
1379 2695 1473 2756 noxii.
1491 2695 1559 2754 Seu.

156 2809 247 2880 uterq.
270 2799 367 2859 Gucll.
381 2821 406 2858 ι.
427 2801 527 2860 Heuss.
548 2799 616 2860 Naz.
643 2809 751 2860 ceteros
769 2799 860 2859 indic.
880 2798 966 2858 llabr.
981 2819 1008 2859 ο.
1036 2797 1147 2858 Arond.
1168 2797 1237 2882 Τις.
1257 2799 1334 2858 Edit.
1346 2799 1431 2859 Pan'a
1461 2799 1561 2860 oblato

157 2913 219 2962 cu:
241 2913 281 2964 est
294 2907 378 2963 omis.
399 2903 485 2962 Fabr.
500 2924 527 2963 a.
548 2905 625 2962 Edit.
637 2905 721 2962 Paris.
742 2905 927 2983 caeprianus.
948 2904 1047 2964 Guell'.
1061 2909 1088 2968 5.
1114 2903 1309 2983 ccscngutbus
1324 2904 1433 2964 οσιιιίι.
1455 2905 1519 2966 su.
1533 2923 1560 2964 ι.

159 3009 229 3068 item
246 3007 335 3068 lead.
360 3011 436 3068 inter
452 3010 551 3073 lineas.
573 3017 685 3087 extorq.
702 3010 762 3068 eins
778 3012 846 3068 loco
861 3008 982 3089 uipera
1000 3007 1081 3068 leid.
1097 3012 1117 3073 l.
1138 3009 1306 3089 cumplures.
1327 3009 1389 3073 Bas.
1402 3009 1431 3069 3.
1452 3011 1562 3082 omisit,

158 3114 188 3171 in
209 3115 310 3172 multis
326 3117 427 3174 locum
444 3123 548 3174 mutat.
575 3134 663 3191 quam
683 3113 789 3193 plures.
811 3114 910 3173 Guell.
927 3134 957 3194 9.
982 3134 1027 3172 ιο.
1048 3113 1081 3171 in
1097 3112 1144 3172 bis
1155 3122 1240 3172 erat.-
1266 3123 1331 3174 erar
1344 3117 1439 3173 exulat
1450 3112 1489 3173 ab
1508 3113 1558 3178 tle.

160 3217 234 3284 tau
249 3219 334 3278 Paris.
351 3237 524 3299 proeuouoen
542 3217 580 3277 A.
608 3220 693 3276 multi
717 3217 784 3278 libn'
803 3220 954 3277 omittunt.
985 3217 1047 3282 Bas.
1066 3237 1092 3277 ι.
1108 3238 1136 3278 2.
1152 3217 1220 3287 33.
1247 3221 1326 3301 plur.
1339 3217 1419 3276 laeid.
1446 3217 1515 3283 Tur.
1531 3238 1559 3282 a.

160 3322 243 3383 Bern.
261 3344 288 3382 a.
311 3322 411 3383 isaiam.
433 3323 495 3382 Bas.
514 3345 538 3388 1.
551 3323 580 3387 3.
601 3322 713 3382 Fabric.
727 3333 820 3402 uterq.
842 3323 941 3386 lleuss.
962 3323 1029 3386 Seu.
1050 3343 1075 3380 ι.
1097 3317 1194 3381 Gnell.
1213 3341 1239 3379 ι.
1254 3340 1281 3380 a.
1298 3322 1325 3390 l.
1343 3322 1370 3380 5.
1383 3321 1412 3386 6.
1424 3321 1452 3384 8.
1473 3320 1559 3381 Bern.

161 3447 188 3486 2.
210 3427 332 3488 taum.
353 3430 412 3496 inc.
426 3449 453 3488 2.
475 3427 526 3490 lc.
548 3429 614 3490 Ecc.
635 3428 703 3487 vin.
725 3437 819 3504 uterq.
840 3425 937 3486 Gnell'.
952 3425 982 3485 3.
998 3448 1025 3506 7.
1039 3447 1068 3504 9.
1087 3447 1133 3489 ιο.
1152 3447 1197 3485 ιι.
1213 3444 1259 3491 υ.
1285 3425 1347 3485 Βοι.
1366 3427 1395 3497 4.
1424 3425 1509 3485 Rern.
1530 3427 1559 3491 3.

160 3532 384 3611 cuiusquemodi.
406 3533 468 3592 Bas.
485 3554 510 3590 1.
526 3553 553 3595 a.
569 3541 667 3610 uterq.
688 3530 755 3588 Vin.
775 3529 861 3593 Fabr.
882 3527 933 3590 be.
954 3529 1022 3588 Ecc.
1042 3531 1108 3588 len.
1128 3551 1152 3593 ι.
1174 3533 1307 3590 Palatini.
1328 3530 1473 3597 Commel.
1490 3533 1560 3592 Tur.

165 3656 189 3706 a,
209 3636 306 3696 Guell.
326 3658 350 3696 1.
368 3657 396 3696 a.
410 3638 440 3707 k.
454 3637 482 3700 5.
498 3637 526 3696 6.
541 3657 570 3716 9.
593 3635 713 3697 Parisc.
726 3633 756 3698 d.
770 3655 796 3698 a.
816 3633 898 3692 Leid.
911 3654 937 3697 a.
949 3633 980 3691 b.
993 3655 1019 3694 c.
1030 3633 1061 3692 d.
1075 3635 1095 3692 f.
1106 3656 1135 3716 g.
1148 3637 1169 3693 i.
1181 3639 1202 3694 l.
1214 3636 1242 3694 k.
1263 3635 1559 3715 cuimatmqnomodr'.

162 3744 261 3816 aetem,
278 3743 351 3802 bollo
371 3741 562 3806 sedemvarie
582 3749 684 3800 mutat.
705 3738 776 3797 bello
790 3735 956 3814 mttisorct.
977 3737 1040 3801 Bas.
1059 3759 1084 3797 ι.
1097 3737 1127 3798 3.
1148 3741 1206 3799 ino.
1225 3751 1319 3821 uterq.
1338 3742 1405 3801 Sen.
1418 3761 1446 3802 a.
1473 3743 1560 3804 llum.

165 3843 258 3908 Gucll.
271 3847 299 3907 3.
310 3848 337 3907 5.
352 3869 398 3908 ιο.
418 3845 488 3906 Τιιι.
505 3867 529 3903 ι.
544 3865 571 3904 a.
591 3845 676 3904 Bam.
696 3863 720 3901 ι.
735 3862 762 3907 ι.
783 3861 824 3900 m.
842 3843 957 3918 masor.
969 3842 998 3900 b.
1017 3853 1111 3923 uterq.
1132 3843 1217 3906 Fabr.
1236 3846 1338 3906 Vinsr.
1356 3843 1446 3907 acad.
1465 3848 1562 3915 Senot.

169 3972 193 4010 1.
221 3952 318 4012 Guell'.
339 3975 364 4012 ι.
383 3973 411 4012 ι.
442 3952 528 4013 Paris.
545 3973 573 4008 a.
594 3949 624 4006 b.
641 3969 668 4010 ο.
688 3945 719 4006 d.
748 3945 810 4004 Bas.
823 3965 854 4004 a.
882 3943 1008 4005 Rern-3.
1028 3945 1056 4006 3.
1077 3967 1117 4006 m.
1135 3949 1206 4025 aas.
1228 3949 1324 4010 Guelt.
1339 3972 1386 4011 ιι.
1400 3972 1445 4011 ιο.
1476 3974 1516 4011 m.
1533 3973 1562 4012 rt.

166 4055 226 4133 bs.
248 4059 344 4126 ceteri.
366 4057 451 4120 Paris.
464 4075 491 4114 e.
560 4109 562 4114 ,

228 4184 300 4268 Cup.
314 4187 363 4257 lc.
384 4185 411 4246 si
430 4192 523 4265 posset
542 4183 645 4244 incerti
670 4189 791 4260 uterquc
811 4178 894 4238 Rem.
916 4177 986 4244 vin.
1008 4178 1105 4240 Guelf.
1124 4202 1169 4242 12.
1190 4203 1230 4241 m.
1239 4203 1286 4264 pr.
1306 4182 1368 4242 Bas.
1377 4182 1406 4244 3.
1421 4183 1450 4254 ζ.
1473 4203 1566 4265 nego.
