3850 4867
1465 301 1511 396 87

107 475 379 577 properantius
391 494 580 582 pergeret,
597 498 744 569 suamet
756 481 881 589 ipsum
898 482 1062 587 pecunia
1078 480 1313 588 precipitem
1328 503 1514 556 casurum.

107 596 168 671 Sic
199 598 376 692 locutus,
403 629 492 680 cum
518 605 652 684 litteris
680 633 788 698 eum,
821 633 914 711 quas
936 607 1104 713 Micipsae
1123 607 1308 696 redderet,
1343 603 1487 679 dimisit
1503 615 1544 696 39

106 746 242 802 earum
260 729 447 802 sententia
464 727 546 805 haec
566 747 647 806 erat
668 764 675 805 :
700 732 926 838 „Iugurthae
948 731 1006 809 tui
1022 729 1123 807 hello
1143 728 1381 804 Numantino
1399 727 1517 831 longe!

106 873 288 925 maxuma
302 850 420 928 virtus
438 851 529 928 fuit:
546 882 664 957 quam
679 883 761 932 rem
776 858 846 932 tihi
865 876 965 934 certe
981 857 1058 932 scio
1077 853 1216 959 gaudio
1236 879 1326 928 esse:
1341 850 1451 926 nohis
1466 849 1514 923 ob
1584 861 1588 866 ’

107 972 243 1048 merita
259 999 328 1048 sua
346 1001 456 1050 carus
466 993 537 1051 est:
559 995 604 1053 ut
624 978 726 1056 idem
739 983 887 1059 senatui
900 999 938 1057 et
948 980 1094 1087 populo
1107 981 1278 1053 Romano
1290 977 1515 1064 sit,summa

92 1122 180 1200 ,ope
191 1097 372 1172 nitemur.
396 1100 484 1174 Tibi
499 1101 655 1204 quidem
670 1131 740 1208 pro
754 1120 881 1180 nostra
894 1105 1061 1180 amicitia
1075 1103 1260 1208 gratulor:
1271 1127 1318 1174 en
1329 1099 1447 1174 hahes
1463 1097 1518 1170 vi·
1539 1133 1543 1142 ·

109 1248 196 1295 rum
211 1220 376 1326 dignum
395 1238 431 1298 te
447 1240 562 1327 atque
579 1253 649 1301 avo
665 1253 733 1303 suo
751 1229 955 1304 Masinissa.
968 1235 983 1266 '’
1012 1229 1135 1334 Igitur
1156 1254 1233 1315 rex,
1262 1224 1332 1299 uhi
1354 1249 1415 1313 ea,
1433 1249 1519 1325 quae

110 1343 209 1420 lama
227 1363 447 1450 acceperat,
463 1375 509 1423 ex
524 1349 659 1425 litteris
681 1351 918 1456 imperatoris
939 1353 992 1427 ita
1009 1377 1083 1427 esse
1098 1349 1288 1455 cognovit,
1306 1375 1430 1451 quum
1449 1346 1522 1419 vir·

111 1483 191 1544 tute
209 1487 297 1545 tum
314 1471 433 1576 gratia
458 1472 530 1546 viri
551 1491 744 1578 permotus
770 1477 876 1552 flexit
897 1478 1072 1552 animum
1089 1502 1202 1549 suum
1222 1489 1260 1546 et
1275 1469 1524 1576 Iurgurtham
1599 1521 1603 1528 ι

112 1592 306 1670 beneficiis
320 1593 470 1670 vincere
491 1595 681 1700 adgressus
697 1616 773 1674 est:
798 1601 1003 1704 statimque
1024 1626 1113 1677 eum
1135 1597 1331 1701 adoptavit
1355 1612 1393 1670 et
1417 1610 1525 1669 testa-

114 1734 241 1792 mento
261 1718 407 1822 pariter
427 1747 518 1794 cum
536 1719 623 1795 filiis
636 1720 815 1799 heredem
837 1725 1012 1801 instituit
1029 1724 1100 1800 Sed
1115 1723 1194 1826 ipse
1206 1745 1347 1825 paucos
1359 1736 1444 1824 post
1458 1747 1527 1791 an·

116 1867 200 1932 nos,
219 1841 357 1916 morbo
375 1858 491 1944 atque
512 1859 620 1919 aetate
634 1849 844 1940 confectus,
866 1878 991 1955 quum
1009 1848 1081 1922 sibi
1098 1845 1215 1920 finem
1229 1843 1315 1918 vitae
1329 1842 1454 1917 adesse
1468 1842 1529 1914 in-

119 1965 326 2071 tellegeret,
358 1993 487 2041 coram
517 1968 646 2044 amicis
666 1990 704 2048 et
725 1975 892 2078 cognatis
918 1975 1085 2076 itemque
1107 1967 1322 2044 Adherbale
1341 1983 1379 2042 et
1398 1966 1528 2041 Hiem-

120 2090 220 2192 psale
240 2089 347 2180 liliis,
372 2089 516 2165 dicitur
533 2089 796 2202 huiusoemodi
817 2098 929 2174 verba
951 2126 1040 2173 oum
1060 2091 1246 2198 Iugurtha
1265 2089 1449 2166 hahuisse.

123 2287 211 2367 ipsum
231 2290 330 2350 Gnell.
345 2312 373 2370 9.
394 2309 476 2351 attam
487 2291 643 2372 pecuniam
661 2304 687 2353 et
700 2297 794 2376 ι’ριιιιιι
814 2297 912 2358 Guell.
931 2318 977 2358 12.
997 2296 1110 2358 Fabric.
1128 2317 1154 2356 ι.
1174 2291 1255 2352 Vtut.
1271 2313 1296 2351 ι.
1310 2297 1338 2356 3.
1359 2289 1460 2362 Basa.
1478 2311 1533 2371 po-

124 2396 284 2456 ruuiamet
298 2396 392 2478 ipsrmt
412 2397 472 2462 ine.
489 2419 514 2462 1.
543 2418 635 2458 manu
653 2416 776 2476 regnum
790 2405 818 2455 et
836 2415 919 2456 suum
931 2416 1037 2476 perun.
1066 2395 1125 2455 inc.
1141 2416 1168 2455 a.
1194 2417 1224 2457 se
1238 2396 1365 2478 etrpst‘us
1375 2397 1532 2478 pecuariam

126 2501 225 2567 Franc.
245 2502 327 2563 Leid.
341 2525 381 2562 ιιι.
402 2512 431 2562 et
446 2503 539 2582 ipsam
555 2524 584 2566 se
595 2503 752 2584 pecuniam
772 2503 894 2562 Leidn.

185 2629 259 2713 Cap.
274 2653 303 2713 9.
323 2653 390 2692 eum
407 2632 511 2694 litteris
526 2655 601 2694 eram.
623 2655 710 2716 pron.
730 2633 828 2692 delent
847 2629 960 2691 Falaris.
982 2630 1079 2690 Gusll.
1099 2629 1127 2691 5.
1148 2631 1180 2690 in
1195 2631 1294 2698 Turio.
1310 2629 1412 2692 eadem
1430 2652 1537 2692 manns

128 2739 331 2817 superscripsit.
352 2743 410 2799 loc.
430 2749 532 2798 mutat.
552 2739 620 2798 Vin.
635 2760 662 2798 ι.
682 2739 787 2798 Franc.
814 2737 911 2796 Guell.
928 2757 973 2795 ιι.
999 2737 1079 2801 Vrat.
1096 2754 1122 2802 a.
1152 2735 1340 2797 Numantino
1356 2758 1417 2796 om.
1437 2736 1534 2797 Guell‘.

132 2843 157 2899 5.
178 2843 316 2903 certatibi
329 2844 389 2905 seio
403 2843 513 2924 gaudio
534 2842 593 2904 hoc
609 2843 711 2904 ordine
728 2843 824 2902 Guell.
839 2863 883 2900 ιο.
905 2850 983 2901 certe
1003 2840 1123 2900 Comm.
1140 2843 1252 2922 aliquot
1271 2843 1332 2902 Pal.
1350 2843 1534 2905 vetustissimi
1640 2908 1643 2915 ¹

131 2944 222 3007 Cottii
232 2947 309 3008 libri.
323 2949 408 3008 Mart.
422 2948 519 3008 Penab.
541 2947 644 3010 Οιοιι.
655 2949 691 3006 Β.
702 2947 773 3007 Puh.
794 2945 866 3029 Reg.
885 2945 1003 3011 Laida.
1015 2969 1041 3005 e.
1052 2945 1082 3005 d.
1096 2944 1127 3004 h.
1142 2947 1162 3004 l'.
1171 2943 1203 3006 h.
1219 2948 1240 3007 i.
1251 2947 1336 3008 Bern.
1345 2947 1374 3009 3.
1389 2947 1536 3029 Tur.“l'eg.

133 3052 195 3111 not.
211 3034 256 3113 oh.
272 3073 343 3112 mer.
357 3073 453 3114 seor.
469 3064 519 3114 est.
534 3073 588 3114 suo
605 3054 683 3114 delet
696 3055 774 3118 Vrat.
787 3073 813 3116 2.
835 3061 875 3110 est
893 3073 954 3115 om.
968 3052 1064 3114 Struv.
1095 3051 1161 3110 nob.
1178 3061 1218 3111 eat
1233 3053 1278 3117 ob.
1295 3075 1336 3111 m.
1349 3073 1373 3112 s.
1389 3071 1416 3112 o.
1438 3039 1538 3115 Gueltl

135 3157 160 3216 5.
179 3157 294 3216 senatui
302 3158 462 3237 populoque
478 3159 614 3219 Romano
635 3159 698 3217 Bas.
711 3158 738 3228 l.
761 3157 848 3215 Bern.
864 3179 891 3215 1.
910 3155 989 3215 rilem
1005 3154 1037 3214 S.
1049 3157 1090 3215 P.
1105 3157 1142 3234 Q,
1157 3157 1195 3216 R.
1210 3167 1241 3216 ut
1254 3157 1292 3218 sd*
1312 3157 1409 3217 Guell.
1425 3177 1471 3216 ιι.
1491 3177 1538 3216 se-

135 3261 249 3322 natuiet
261 3285 328 3343 ρορ.
343 3262 425 3320 Rata
445 3262 528 3321 Fahr.
551 3263 634 3327 Rem.
656 3263 756 3322 Vinar.
770 3282 797 3326 a.
818 3259 869 3321 le.
891 3261 986 3322 struv.
1009 3260 1110 3323 lleuss.
1131 3264 1189 3322 ine.
1209 3264 1276 3322 Sen.
1296 3262 1376 3327 Vrat.
1399 3261 1495 3322 Guels.
1510 3282 1537 3321 2.

139 3368 248 3432 3.5.6.
265 3389 309 3426 10.
326 3387 371 3426 ιι.
400 3367 521 3430 uirilem
537 3367 813 3448 senatuist'tetpop.
828 3367 865 3426 R.
894 3365 991 3426 Gnell.
1007 3367 1034 3425 5.
1054 3366 1168 3427 Fabric.
1186 3389 1212 3427 2.
1240 3378 1272 3427 ut-
1286 3369 1373 3428 etiam
1388 3367 1449 3428 Bas.
1472 3390 1497 3427 ι.
1509 3367 1538 3440 Δ.

136 3470 201 3530 Tur.
217 3481 319 3532 sewu
338 3471 437 3537 Hense.
457 3473 557 3532 Senat.
572 3493 597 3532 2.
619 3493 656 3531 en
668 3473 738 3532 lauh.
758 3493 796 3532 en
814 3471 1029 3538 om..Guell..3.
1052 3473 1133 3533 Leid.
1145 3477 1165 3532 1.
1176 3495 1207 3532 ιι.
1233 3472 1325 3532 utica
1340 3493 1414 3552 qttoe.
1434 3495 1469 3534 ea
1484 3473 1544 3534 de·

140 3578 175 3634 let
192 3576 271 3636 Vrat.
292 3597 319 3636 ι.
337 3595 406 3635 oum
422 3577 487 3636 virt.
509 3587 572 3636 tum
587 3587 667 3657 grat.
688 3580 728 3639 sic
745 3577 927 3638 vetustissimi
946 3577 1039 3637 Cortii
1053 3577 1130 3642 libri.
1151 3599 1228 3639 unus
1245 3577 1332 3640 Ririi.
1362 3580 1421 3639 Pal.
1433 3601 1458 3638 ι.
1470 3600 1497 3644 2.
1511 3580 1539 3640 3.

141 3700 203 3740 carm
219 3681 284 3744 virt.
302 3691 365 3742 tum
377 3691 457 3761 grat.
472 3682 537 3742 oiri.
559 3683 621 3748 Bas.
637 3683 704 3754 ul.
724 3681 794 3747 Tur.
814 3681 899 3742 Bern.
914 3703 939 3747 ι.
961 3681 1019 3746 ΕιΙ.
1040 3685 1080 3742 ita
1094 3680 1178 3743 Grut.
1198 3684 1292 3746 Wass.
1314 3684 1435 3747 llorere.
1457 3685 1540 3749 Leid.

143 3793 303 3848 lum-tum.
325 3790 419 3848 maior
431 3787 528 3848 Codd.
544 3809 619 3869 pars.
640 3788 794 3866 statimque
813 3789 918 3868 adopt..
934 3807 1010 3847 eum.
1033 3786 1139 3848 Guell..
1152 3789 1180 3848 5.
1212 3788 1324 3854 Fabric.
1338 3809 1366 3850 a.
1387 3808 1454 3850 eum
1478 3810 1539 3849 om.

144 3891 271 3966 (lualid.
290 3894 370 3956 Vrat.
392 3892 420 3954 3.
447 3894 638 3974 paritrrcum
655 3893 751 3953 liberis
775 3893 904 3952 lllerseh..
916 3893 1001 3953 llam.
1019 3915 1053 3954 ι..
1064 3895 1123 3955 inc.
1136 3917 1161 3954 ι.
1182 3894 1285 3955 Franc.
1307 3893 1404 3954 Codd.
1426 3897 1541 3976 antiqui

146 3998 176 4058 Α.
195 4000 318 4082 Βοριιιιι.
339 3999 591 4079 oumfil.pariter.
610 3999 722 4065 Fah'ric.
744 3998 841 4059 Guell.
855 4000 882 4064 5.
902 3999 1000 4064 Truic.
1011 4004 1071 4074 fin.
1093 4000 1161 4060 vdoe
1180 4001 1231 4060 ad.
1253 4000 1540 4062 sumntum.

147 4123 218 4165 nnus
228 4105 340 4166 Wassii.
371 4105 493 4182 itemque
512 4103 642 4165 Adherb.
662 4103 730 4164 Tur.
752 4104 814 4162 Bas.
831 4124 856 4168 ι.
868 4105 896 4176 Δ.
915 4103 984 4186 Teg.
1012 4103 1096 4164 Grut.
1117 4105 1208 4171 Wass.
1229 4086 1304 4171 flav.
1323 4105 1405 4167 Leid.
1419 4105 1558 4170 „dicitur

150 4207 340 4272 huiuscemodi
354 4209 483 4272 habuisse
495 4211 639 4272 rationem
658 4209 744 4272 Ilabr.
760 4208 987 4290 oumlugurtslto
998 4230 1058 4276 otn.
1067 4209 1153 4271 llem.
1164 4233 1189 4272 ι.
1202 4212 1308 4273 inaliis
1320 4213 1551 4280 loorrmrnutat..
