3850 4867
1379 357 1383 364 ’
1490 338 1566 435 ;.145

159 513 379 617 compositis
395 516 531 606 rebus,
553 515 596 592 in
615 515 699 592 loca
720 541 839 621 qtmm
857 542 1039 596 maxume
1060 517 1209 594 occulta
1228 517 1388 596 discedit
1409 545 1458 595 ac
1481 537 1568 624 post

153 627 295 738 paullo
326 641 539 744 cognoscit,
563 641 732 716 Marium
761 668 807 717 ex
832 641 974 717 »itinere
1005 641 1284 720 frumentatum
1309 670 1404 722 ,oum
1431 645 1566 749 paucis

153 756 380 838 cohortibus
397 765 544 841 Siccam
565 765 722 841 missum
738 798 746 838 ε
770 765 877 869 quod
894 765 1083 872 oppidum
1099 767 1271 872 primum
1288 768 1463 844 omnium
1478 784 1565 873 post

151 883 301 960 malam
321 914 493 993 pugnam
527 889 576 964 ab
604 915 689 994 rege
721 887 917 964 defecerat.
971 892 1027 966 Eo
1063 917 1153 966 cum
1190 890 1344 970 delectis
1368 891 1562 995 equitibus

150 1021 277 1106 noctu
301 1012 426 1116 pergit
443 1025 482 1086 et
501 1011 578 1087 iam
598 1011 876 1117 egredientibus
898 1013 1078 1090 Romanis
1105 1013 1147 1100 in
1176 1031 1286 1119 porta
1310 1013 1481 1122 pugnam
1504 1015 1562 1092 fa-

150 1128 209 1205 cit
230 1165 239 1206 :
265 1132 381 1209 simul
402 1139 541 1252 magna
560 1161 651 1212 voce
683 1136 869 1240 Sicceuses
887 1136 1090 1228 hortatur,
1109 1138 1169 1214 uti
1196 1137 1367 1216 cohortes
1390 1140 1439 1213 ab
1457 1156 1561 1246 tergo

148 1254 485 1334 circumveniant:
510 1259 709 1336 fortunam
729 1260 807 1335 illis
833 1260 1009 1365 praeclari
1033 1261 1213 1336 facinoris
1240 1288 1368 1350 casum
1391 1262 1483 1338 dare
1489 1295 1500 1357 3
1527 1263 1560 1340 si
1655 1341 1659 1350 ,

148 1377 194 1454 id
210 1379 387 1475 fecerint,
400 1399 527 1490 postea
543 1410 619 1460 sese
636 1384 678 1459 in
691 1411 823 1489 regno,
840 1383 926 1460 illos
945 1384 987 1459 in
1004 1383 1178 1460 libertate
1191 1384 1273 1460 sine
1288 1401 1394 1461 metu
1409 1403 1558 1464 aetatem

63 1490 68 1504 ’
147 1519 310 1582 acturos
346 1510 416 1583 'Ac
435 1509 477 1583 ni
497 1509 642 1584 Marius
661 1509 767 1614 signa
785 1507 928 1585 inferre
950 1525 1067 1610 atque
1084 1507 1239 1584 evadere
1256 1509 1397 1612 oppido
1423 1537 1560 1614 prope·

147 1628 324 1728 nevisset,
352 1632 522 1736 profecto
546 1634 676 1711 cuncti
692 1649 777 1726 ,aut
806 1659 945 1738 magna
975 1657 1063 1737 pars
1084 1632 1314 1707 Siccensium
1336 1632 1450 1708 fidem
1471 1662 1556 1712 mu-

148 1753 350 1848 tavissent3
371 1771 477 1831 tanta
497 1757 800 1833 mobiliusesese
815 1755 992 1831 Numidae
1016 1770 1146 1861 agunt
1177 1755 1249 1830 Sed
1267 1755 1405 1832 milites
1420 1759 1557 1862 Iugur-

148 1872 255 1951 thini
280 1878 489 1983 paullisper
517 1880 568 1990 ab
604 1864 691 1987 rege
717 1879 935 1970 sustentati,
962 1895 1166 1985 postquam
1185 1879 1328 1954 maiore
1352 1879 1391 1956 vi
1430 1877 1555 1958 hostes

147 2019 334 2106 urguent,
354 2004 486 2105 paucis
508 2003 670 2095 amissis,
696 2002 851 2109 profugi
885 2002 1096 2079 discedunt.
1143 2003 1288 2092 Marius
1319 2003 1369 2078 ad
1395 2005 1554 2080 Zamam
1564 2007 1601 2092 57

146 2124 345 2227 pervenit,
366 2125 404 2200 id
426 2126 613 2231 oppidum
636 2127 680 2204 in
704 2154 839 2231 campo
861 2127 1006 2217 situm,
1030 2125 1147 2232 magis
1169 2153 1281 2230 opere
1301 2154 1418 2231 quam
1439 2145 1554 2206 natu-

147 2273 191 2321 ra
212 2249 411 2326 munitum
422 2265 511 2326 'erat
529 2282 537 2324 :
557 2250 705 2326 nullius
721 2312 724 2318 .
740 2249 886 2326 idoneae
914 2250 970 2326 rei
990 2275 1117 2356 egens,
1137 2251 1251 2342 armis
1268 2252 1434 2356 virisque
1457 2280 1553 2358 opu-

146 2367 310 2447 lentum.
359 2375 482 2480 Igitur
507 2374 705 2466 Metellus,
731 2401 802 2480 pro
818 2390 988 2478 tempore
1012 2389 1128 2476 atque
1144 2373 1228 2450 loco
1252 2377 1394 2478 paratIs
1417 2377 1552 2470 rebus,

148 2511 290 2605 cuneta
314 2499 459 2573 moenia
480 2498 650 2574 exercitu
663 2496 933 2587 circumvenit,
956 2495 1087 2600 legatis
1105 2497 1283 2600 imperat,
1302 2499 1370 2574 ubi
1388 2501 1550 2605 quisque
1607 2519 1610 2527 '

126 2607 302 2730 ,duraret
320 2653 328 2695 :
349 2620 488 2714 deinde
502 2621 610 2726 signo
632 2621 722 2698 dato
744 2619 919 2723 undique
936 2619 1051 2695 simul
1075 2619 1220 2696 clamor
1245 2623 1377 2727 ingens
1402 2623 1548 2722 oritur3
1617 2727 1621 2734 Ι
1682 2635 1684 2639 ’

147 2730 285 2856 ireque¹¹
305 2771 349 2820 ea
371 2771 436 2820 ‘res
459 2746 643 2821 Numidas
672 2759 802 2839 terret3
838 2743 977 2820 infensi
1017 2743 1233 2848 intentique
1261 2748 1343 2824 sine
1374 2750 1547 2826 tumultu

146 2885 307 2944 manent
326 2903 333 2944 :
358 2869 537 2974 praelium
559 2869 754 2974 incipitur.
801 2866 981 2958 Romani,
1000 2894 1072 2972 pro
1091 2866 1243 2974 ingenio
1262 2873 1443 2975 quisque,
1458 2901 1547 2978 pers
1646 2853 1661 2879 ⁸

145 2991 296 3069 eminus
316 2994 454 3097 glande
469 3011 537 3071 aut
564 2994 759 3098 lapidibus
786 3017 979 3098 pugnare3
1002 2991 1070 3066 alii
1088 2993 1287 3089 succedere
1311 3022 1356 3070 ae
1388 3024 1547 3084 murum

145 3115 262 3194 modo
285 3118 503 3214 subfodere,
525 3117 639 3195 modo
659 3118 768 3194 scalis
790 3115 975 3219 adgredi:
999 3141 1138 3221 cupere
1161 3117 1339 3222 praelium
1359 3119 1401 3196 in
1421 3122 1546 3198 maui-

147 3333 175 3380 ι.
195 3315 295 3379 Hecu.
313 3317 411 3385 Guelf.
424 3340 451 3380 a.
466 3317 496 3381 ὅ.
512 3340 557 3379 ιι.
577 3319 655 3381 Ririi
666 3316 745 3392 libri,
764 3315 827 3382 Bes.
840 3337 866 3377 r.
885 3315 971 3377 Bern.
987 3311 1058 3377 1.3.
1074 3316 1176 3398 paullo
1187 3327 1253 3399 post
1273 3319 1368 3378 ceteri.
1380 3319 1545 3397 fortunam

144 3417 201 3483 fllia
218 3444 306 3505 pron.
327 3445 388 3492 om.
408 3426 505 3490 Senot.
520 3447 545 3485 r.
567 3424 613 3484 illi
639 3424 736 3484 Gueli.
746 3443 776 3504 9.
797 3422 862 3482 illos
887 3420 970 3487 Febr.
982 3433 1011 3482 et
1020 3421 1089 3504 Teg.
1111 3444 1151 3482 m.
1163 3443 1209 3504 pr.
1238 3421 1329 3494 Num.
1342 3433 1450 3501 gerunt
1461 3423 1545 3486 dete-

144 3526 323 3591 riorfiodd.
341 3532 494 3592 sedetiam
517 3528 764 3596 Bet.1.Bern.3.
805 3535 900 3608 agunt
917 3527 987 3593 Vin.
1002 3548 1027 3586 1.
1048 3527 1132 3589 Febr.
1153 3527 1249 3593 Guelf.
1262 3547 1287 3612 r.
1307 3526 1375 3606 Nea,
1397 3525 1543 3605 Commel,

145 3633 249 3716 reliqui
259 3637 436 3698 vetustiores.
456 3636 494 3695 ab
510 3655 577 3717 rege
595 3623 657 3696 orn.
667 3633 765 3697 Gustt.
775 3632 804 3705 d.
826 3630 902 3693 Cod.
916 3630 1073 3714 Bongamii.
1086 3631 1182 3694 'Patet
1192 3654 1221 3714 9.
1237 3631 1409 3710 submutui
1421 3632 1505 3696 Bem.
1516 3655 1543 3702 ι.
1566 3621 1567 3624 “

143 3749 278 3817 ΨΜ.
296 3742 357 3802 inc.
369 3761 398 3801 a.
418 3740 554 3801 Guelfd.

204 3866 278 3956 Cap.
289 3871 339 3953 57.
359 3870 506 3931 munitum
518 3879 593 3932 erat.
612 3879 676 3930 erot
690 3890 751 3931 orn.
761 3867 847 3928 bern.
863 3865 925 3928 1.3.
938 3865 1008 3931 vin.
1020 3885 1049 3925 a.
1063 3865 1179 3926 elamor
1189 3865 1323 3928 exoritur
1341 3865 1426 3930 Fabr.
1436 3868 1540 3934 incr.

146 3967 262 4036 taius.
281 3975 361 4060 Τις(
371 3979 495 4038 madere
507 3975 570 4050 atii,
587 3975 642 4034 atti
654 3973 807 4068 succedere
825 3974 866 4032 ita
876 3973 990 4053 aliquot
1006 3970 1087 4032 Leid.
1102 3981 1134 4031 et
1145 3972 1213 4030 Nau.
1233 3973 1283 4032 sed
1299 3973 1403 4034 ordine
1417 3983 1540 4036 mutato.

146 4074 293 4143 iucarfio
304 4071 406 4143 edidit.
426 4081 493 4142 San.
506 4103 532 4141 1.
546 4101 587 4140 m.
597 4101 651 4141 sec.
665 4079 795 4153 addidit;
812 4087 915 4139 contra
923 4075 1009 4138 Eabr.
1023 4099 1059 4137 ι.·
1071 4097 1112 4136 m.
1121 4096 1167 4158 pr.
1189 4076 1244 4136 alii
1256 4080 1377 4139 ocum
1386 4079 1540 4152 veluwe&

146 4183 213 4250 dere
227 4189 401 4270 culmorum
413 4189 570 4251 oscendere
576 4226 588 4261 ,
600 4186 645 4250 oet
657 4205 775 4246 murum
790 4194 846 4246 etc.
862 4185 907 4245 ita
924 4182 996 4266 Τις.
1016 4193 1046 4244 et
1063 4182 1133 4242 Tur.
1156 4182 1312 4260 ecfodere
1331 4183 1417 4245 Febr.
1426 4205 1455 4246 r.
1475 4184 1536 4250 Bas.

1144 4337 1189 4410 ¹9
