3850 4867
1491 313 1533 392 15

132 516 342 614 Postquam
370 511 512 586 divitiae
539 506 678 584 honori
709 529 783 581 osse
803 531 951 608 coepere
982 519 1022 577 et
1049 525 1110 577 eas
1134 500 1273 607 gloria,
1310 493 1580 599 imperiumn

131 634 308 738 potentia
323 635 581 737 sequebatur:
605 631 802 706 hebescere
828 629 963 718 virtus,
989 644 1191 732 paupertas
1212 623 1357 729 probro
1379 616 1533 705 haberi,

131 758 358 833 innocentie
380 785 449 862 pro
474 754 732 831 malivolentia
755 753 846 828 duci
869 753 995 856 coepit.
1035 751 1157 856 Igitur
1175 776 1222 823 ex
1240 745 1382 824 divitiis
1401 743 1533 816 iuven·

133 898 260 956 tutem
287 881 439 956 luxuria
469 898 583 984 atrpre
620 877 777 954 avaritia
812 905 901 952 cum
937 877 1113 982 superbia
1151 875 1340 948 invasere:
1381 892 1533 980 rapere,

133 1032 378 1098 consumere;
402 1031 469 1083 sua
492 1003 598 1108 parvi
622 1002 804 1106 pendere,
829 1002 953 1076 aliena
972 1027 1130 1104 cupere3
1155 999 1359 1102 pudorem.
1382 990 1533 1097 pudici·

131 1129 247 1218 tiam,
273 1128 402 1203 divina
419 1145 534 1230 atque
551 1127 722 1202 humana
742 1125 974 1228 promiscua,
988 1123 1089 1198 nihil
1113 1124 1234 1227 pensi,
1259 1144 1383 1222 neque
1405 1120 1533 1194 mode·
1594 1146 1599 1158 ⁸

130 1249 372 1326 ratihabere.
411 1253 546 1354 Operae
564 1249 731 1353 pretium
750 1265 821 1338 est,
850 1275 973 1350 quum
989 1247 1120 1322 domos
1139 1264 1255 1350 atque
1274 1246 1382 1320 villas
1396 1273 1532 1351 cogno·

129 1375 230 1448 veris
251 1375 292 1447 in
313 1374 472 1448 urbium
490 1372 648 1448 modum
666 1371 932 1460 exaedificatas,
958 1372 1074 1448 visere
1087 1373 1228 1476 templa
1242 1371 1425 1462 deomm,
1447 1397 1544 1474 quae‘

130 1498 253 1571 nostri
278 1497 453 1585 maiores,
479 1495 755 1599 religiosissumi
777 1494 972 1584 mortales,
998 1494 1125 1571 secere.
1175 1499 1321 1570 Verum
1346 1496 1405 1570 illi
1425 1495 1533 1570 delu-

132 1622 206 1693 bra
230 1621 389 1694 deorum
409 1621 565 1724 pietate,
591 1619 721 1693 domos
743 1644 827 1692 suas
848 1619 967 1722 gloria
993 1619 1252 1713 decorabant3
1284 1645 1410 1722 neque
1425 1619 1534 1693 vietis

131 1744 367 1844 quicquam,
400 1758 538 1846 praeter
568 1737 720 1816 iniuriae
744 1742 963 1830 licentiam,
989 1743 1214 1846 eripiebant
1251 1747 1301 1816 At
1324 1742 1368 1818 hi
1398 1758 1531 1818 contra

132 1865 376 1970 ignavissumi
389 1865 582 1954 homines,
597 1892 666 1968 per
683 1891 876 1940 summum
900 1866 1034 1955 scelus,
1061 1866 1190 1940 omnia
1202 1893 1247 1940 ea
1266 1867 1374 1940 sociis
1387 1866 1530 1941 adime·

131 2017 191 2076 re,
218 2015 304 2090 quae
327 1989 532 2064 fortissumi
559 1988 632 2062 viri
657 1989 814 2064 victores
833 1990 1089 2092 reliquerant:
1114 1990 1277 2093 proinde
1296 1989 1404 2093 quasi
1427 1989 1530 2063 iniu-

131 2113 231 2186 riam
253 2112 390 2200 faoere‚
422 2112 462 2185 id
486 2111 641 2186 demum
669 2129 760 2188 esset
789 2114 948 2217 imperio
969 2116 1036 2189 uti.
1086 2116 1183 2188 Nam
1207 2113 1303 2216 quid
1325 2141 1368 2188 ea
1388 2120 1576 2188 memo-13
1678 2125 1685 2132 '

130 2263 230 2323 rem,
257 2261 342 2336 quae
366 2233 442 2308 ‘nisi
465 2233 546 2324 his,
571 2235 639 2337 qui
654 2235 797 2325 videre,
818 2238 964 2311 nemini
986 2239 1182 2313 credibilia
1204 2253 1324 2311 sunt:
1358 2264 1379 2310 a
1404 2237 1530 2340 priva-

132 2359 179 2432 tis
208 2357 479 2461 compluribus,
493 2343 688 2434 subvorsos
713 2376 878 2450 montes,
911 2361 1031 2436 maria
1057 2377 1273 2437 constructa
1305 2384 1387 2434 esse
1432 2351 1531 2457 Qui·

174 2551 247 2634 Cap.
269 2576 314 2620 ra.
334 2553 534 2634 sequebantur.
555 2556 636 2616 Leid.
651 2555 683 2622 b.
701 2557 812 2618 Fabric.
827 2580 853 2623 t.
873 2558 962 2619 lead.
983 2561 1042 2624 inc.
1058 2581 1085 2624 2.
1107 2560 1389 2624 Guell.1o.11.12.
1417 2557 1487 2617 Tur.
1500 2581 1527 2618 π.

123 2660 473 2739 ptulorem,.omieitiom,
492 2653 675 2740 pudibilium.
696 2653 793 2741 plures
804 2662 918 2742 Popmae
930 2663 1007 2724 libri.
1028 2665 1109 2724 Leid.
1121 2688 1147 2725 a.
1168 2649 1202 2730 Il.
1217 2665 1288 2728 Pub.
1307 2663 1396 2723 habet
1409 2674 1439 2724 et
1449 2663 1530 2723 Gru·

129 2767 183 2822 teri
198 2765 298 2824 editio.
321 2785 411 2844 neque
421 2766 575 2829 moderati.
596 2766 657 2824 Bas.
676 2788 700 2830 ι.
714 2787 741 2830 a.
753 2767 781 2825 ὅ.
793 2767 821 2837 Δ.
844 2767 927 2832 Paris.
939 2767 969 2828 b.
990 2771 1070 2834 Leid.
1085 2771 1115 2835 b.
1129 2793 1156 2829 c.
1168 2793 1193 2834 e.
1208 2791 1237 2852 g.
1249 2773 1270 2828 i.
1287 2771 1314 2832 k.
1327 2773 1349 2827 l.
1362 2791 1402 2833 m.
1412 2790 1444 2829 n.
1458 2768 1537 2852 Τις.

128 2869 216 2927 Bem.
236 2891 264 2928 1.
281 2889 308 2928 r.
341 2889 395 2929 neo
408 2870 562 2934 moderati.
585 2869 681 2929 Gueli.
695 2895 721 2951 7.
743 2883 829 2951 atque
838 2873 997 2951 quitquam
1010 2875 1165 2939 moderati.
1185 2875 1264 2938 Leid.
1279 2875 1309 2938 d.
1330 2873 1528 2953 nequequidq.

127 2973 242 3038 Leiaf.
264 2975 348 3040 Rem.
361 2996 388 3038 a.
410 2975 507 3033 Guelf.
527 2997 570 3038 ιο.
593 2976 676 3038 Paris.
692 2977 722 3034 (1.
740 2977 807 3036 Tur.
822 2999 848 3042 2.
871 2979 1103 3058 necquicquam.
1125 2981 1205 3038 leid.
1219 2979 1250 3037 h.
1265 2989 1351 3057 atque
1370 2957 1527 3038 moderati.

128 3077 191 3135 duo
209 3078 286 3136 iiiiii
302 3090 420 3159 mscrpt.
442 3079 526 3138 Rem.
541 3101 565 3137 1.
588 3082 645 3138 inc.
660 3102 685 3138 ι.
708 3081 804 3140 Guoll.
819 3083 846 3144 5.
865 3083 893 3148 6.
905 3105 934 3163 9,
954 3104 999 3147 11.
1018 3103 1063 3148 η.
1093 3083 1177 3143 Paris.
1193 3107 1220 3144 a.
1242 3084 1320 3143 nibil
1333 3082 1428 3164 perui,
1452 3082 1531 3143 nihil

127 3183 294 3252 moderati,
316 3182 432 3262 legent.
451 3205 477 3241 a.
500 3183 843 3248 Riv.1a11datusetunus
857 3187 971 3248 Wassii.
993 3188 1123 3267 nihilque
1148 3187 1303 3248 moderati.
1323 3189 1425 3248 Venet.
1438 3210 1526 3269 quem

125 3285 195 3346 Riv.
205 3287 283 3344 laud.
297 3287 380 3344 Paris.
391 3309 417 3346 c.
432 3308 457 3346 e.
477 3287 546 3346 Tur.
560 3309 585 3352 1.
597 3310 637 3359 in.
648 3309 704 3348 sec.
725 3289 802 3348 ru'lu'l
815 3289 860 3350 r'el
873 3291 1012 3370 nihilque.
1032 3296 1118 3354 etiam
1131 3297 1217 3353 multi
1227 3293 1319 3352 Cortii
1335 3293 1533 3370 lib.aed1'flea·‘

125 3400 181 3447 tos.
204 3389 283 3448 leid.
299 3411 325 3447 a.
346 3389 374 3446 d.
391 3410 417 3447 e.
433 3390 452 3448 l.
466 3411 494 3470 g.
511 3388 540 3454 h.
556 3393 576 3455 i.
591 3393 618 3456 k.
639 3397 737 3472 plures
749 3395 851 3454 Wassii
865 3397 943 3462 libri.
965 3397 1024 3462 Erl.
1045 3399 1113 3480 Teg.
1134 3399 1202 3458 Tur.
1218 3419 1246 3458 2.
1267 3398 1353 3463 Bem.
1366 3421 1390 3463 1.
1412 3401 1527 3460 arudi-

115 3498 237 3569 ficotos.
259 3493 345 3556 Ririi.
358 3514 442 3557 mser.
464 3495 595 3558 Berooid.
618 3497 704 3556 Palat.
727 3498 824 3562 Guell.
845 3522 870 3563 1.
884 3521 913 3559 a.
929 3501 956 3559 5.
978 3501 1067 3566 ilead.
1087 3505 1154 3561 Sea.
1169 3524 1195 3562 r.
1219 3505 1319 3565 Vinar.
1335 3523 1363 3563 2.
1384 3505 1525 3571 Βαιθω-

125 3597 267 3668 nes,Tur.
283 3617 308 3654 a.
331 3598 453 3656 delubro
466 3601 599 3663 deorum.
618 3602 700 3661 deor.
712 3603 853 3662 omittunt
868 3603 928 3664 duo
937 3605 1040 3666 Wassii
1054 3606 1130 3671 libri.
1145 3611 1331 3670 domossuos.
1352 3630 1454 3672 omnes
1467 3615 1526 3673 iero
1624 3663 1628 3671 ,

125 3703 193 3765 libr.
206 3711 236 3760 et
247 3701 331 3764 Prisc.
346 3723 374 3782 7.
384 3701 412 3764 6.
430 3702 498 3765 310.
526 3725 588 3767 suo.
616 3704 683 3786 Teg.
698 3716 727 3764 et
744 3704 860 3766 Cottius
880 3729 913 3768 ex
930 3710 1058 3791 ingenio.
1079 3712 1202 3773 delubro
1216 3716 1319 3776 domos
1329 3715 1436 3795 pietate
1453 3738 1526 3779 suo-

123 3825 178 3886 que
187 3805 295 3884 gloria.
314 3805 382 3870 Tur.
398 3827 425 3870 2.
447 3807 614 3886 quiequam.
636 3810 675 3868 ita
689 3811 861 3877 omnesBas.
882 3813 950 3877 Tun
970 3835 995 3880 1.
1016 3815 1144 3878 hostibus
1157 3818 1342 3899 reb'queront.
1362 3822 1443 3889 Leid.
1459 3823 1488 3889 d.
1501 3829 1521 3891 i.

124 3911 187 3974 Bas.
197 3910 226 3974 3.
247 3908 331 3968 Rom.
347 3929 374 3974 2.
395 3910 463 3974 Ecc.
484 3913 616 3972 meliores
630 3913 761 3978 Palatini.
781 3915 877 3983 Turio.
890 3939 918 3983 2.
936 3920 1072 4000 proinde.
1099 3944 1201 3984 omnes
1214 3927 1271 3986 sere
1285 3929 1389 3990 Wassii
1402 3941 1431 3989 ot
1444 3929 1531 3996 Rivii.

125 4035 211 4080 mser.
229 4014 363 4094 perinde.
384 4013 446 4078 Bas.
457 4013 486 4080 3.
508 4015 605 4081 Guell.
618 4019 647 4082 8.
659 4039 689 4097 9.
708 4030 796 4084 11.et
812 4042 856 4086 η.
874 4043 914 4087 m.
930 4043 985 4089 seo.

187 4141 261 4222 Cap.
282 4141 327 4206 13.
349 4143 403 4204 bis.
425 4164 527 4204 omnes
541 4145 602 4204 Bas.
621 4158 649 4206 ot
670 4151 755 4208 multi
769 4147 861 4209 Cortii
877 4151 955 4216 libri.
981 4151 1040 4220 Erl.
1061 4153 1129 4216 Tur.
1147 4179 1173 4218 r.
1187 4181 1215 4225 2.
1244 4161 1416 4229 Bem.1.2.
1443 4185 1530 4226 oon»

119 4259 226 4310 strato.
248 4248 310 4307 Bas.
326 4269 351 4311 ι.
369 4270 395 4308 2.
411 4249 440 4312 5.
462 4248 540 4308 Leid.
555 4270 580 4310 a.
598 4249 626 4310 b.
645 4275 670 4316 a.
686 4251 717 4318 h.
732 4255 759 4313 k.
777 4277 816 4318 m.
839 4256 937 4317 Ursini
948 4256 1032 4320 libor.
1049 4263 1171 4341 plurimi
1183 4265 1277 4328 Cottii
1287 4269 1365 4330 libri.
1383 4270 1528 4338 Parim
