3850 4867
1422 356 1499 409 xm

192 520 447 597 Eccordiamts
467 518 516 593 ab
536 516 724 604 Ecoardo‚
749 512 992 591 Bibliothecae
1006 516 1297 591 Hannoveranae
1306 512 1496 619 psoefecw,

99 647 223 725 Cortio
237 644 473 721 transmissus
489 658 527 719 et
538 640 756 717 Vinariensi
767 634 1040 729 lssimillimus,
1060 639 1110 714 ad
1122 638 1238 714 fidem
1247 638 1384 742 optimi
1401 639 1494 715 libri

96 800 117 847 a
135 769 291 847 librario
310 767 543 873 negligenter
555 780 729 839 exaratus
743 780 804 838 est.
829 764 1049 853 Stravianus,
1067 764 1136 867 qui
1148 762 1242 838 olim
1251 762 1494 841 Rittetsbusii

95 896 234 985 fuerat,
255 894 332 967 iam
350 908 461 967 antea
478 887 693 965 aPutscbio
712 901 750 963 et
766 888 899 963 Cotem
917 898 1106 978 excussus,
1129 887 1311 980 aconio,
1335 889 1400 963 cui
1412 888 1494 966 eius

96 1018 321 1124 inspiciendi
343 1015 489 1119 copiaa
511 1014 660 1135 Strtpvio
684 1012 781 1087 facta
805 1024 904 1100 erat,
931 1010 1059 1089 ‹lenuo
1082 1013 1340 1103 examinatus,
1364 1038 1496 1090 soceno

95 1144 168 1219 tior
181 1158 237 1219 est
251 1158 367 1245 ausus
387 1138 487 1253 male
507 1136 662 1212 habitus
684 1164 705 1211 a
723 1137 1007 1212 comentibus
1027 1137 1277 1215 Academicus
1294 1137 1431 1242 Lipsiae
1448 1138 1493 1215 in

95 1264 325 1343 Bibliotheca
342 1264 504 1340 Paulina
520 1270 746 1351 asservatus,
770 1261 858 1335 satis
879 1276 1081 1363 corruptus
1106 1278 1144 1337 ct
1165 1288 1211 1338 eo
1231 1264 1394 1339 maxime
1408 1262 1493 1339 lau-

93 1392 260 1482 dandus,
284 1388 390 1494 quod
426 1388 636 1464 lectionum
667 1402 937 1489 corruptarum
967 1386 1130 1489 origines
1157 1387 1249 1463 inde
1282 1412 1491 1491 cognoscas

93 1516 314 1607 Catilinam,
338 1510 565 1619 Iugurtham
579 1528 618 1586 et
631 1510 959 1585 Declamationem
974 1527 1178 1614 utramque
1192 1512 1373 1592 continet.
1428 1514 1494 1591 Se-

93 1648 228 1717 notorii
238 1640 335 1730 duo,
353 1655 390 1715 et
407 1638 478 1741 ipsi
493 1631 961 1739 Lipsienses,bibliotbeoae
978 1636 1176 1711 senatorios
1188 1635 1280 1711 libri
1287 1677 1304 1729 ,·
1321 1662 1345 1712 ε
1360 1636 1493 1713 melio-

94 1766 196 1841 ribus
224 1780 323 1840 sunt
356 1763 464 1838 Prior
479 1760 810 1848 Membranaoeus,
826 1758 948 1863 forms
969 1760 1113 1859 scaione
1136 1760 1179 1835 in
1199 1762 1305 1853 duas,
1320 1786 1416 1863 quas
1433 1762 1492 1837 di-

94 1907 203 1981 cunt,
224 1872 422 1964 colomnas
450 1885 677 1974 distinctus,
699 1899 738 1958 et
758 1882 856 1959 adeo
884 1882 1054 1988 religiose
1071 1884 1233 1987 scniptus
1251 1886 1324 1977 ost',
1345 1900 1393 1961 ut
1410 1886 1493 1962 eius

95 2013 312 2089 auctoritati
328 2010 437 2087 haud
457 2026 596 2084 temese
613 2004 869 2083 obnitendum
883 2008 953 2101 sit3
972 2007 1220 2083 saeculoXlIl
1235 2010 1400 2114 sciiptus
1414 2034 1490 2085 osse

93 2136 252 2213 videtur.
297 2136 448 2239 Ubique
459 2120 544 2209 'lere
561 2160 651 2207 cum
668 2134 746 2207 llas
762 2136 788 2207 Ι.
807 2148 849 2208 et
868 2132 1023 2206 Fanni
1047 2133 1243 2217 consentit
1281 2135 1490 2239 Aliquoties

95 2278 170 2337 tam
188 2261 300 2337 docte
321 2274 440 2349 errat,
466 2274 512 2333 ut
526 2257 586 2333 vel
609 2255 902 2361 prudentissimo
927 2255 1062 2331 fitoom
1077 2258 1200 2334 facete
1213 2276 1341 2362 queat.
1378 2262 1492 2337 Alter

20 2412 21 2417 ¹
94 2404 146 2462 est
155 2384 313 2489 quidem
329 2381 575 2473 Chartaceus,
591 2380 800 2457 sed'eadem
816 2380 998 2484 religione
1011 2382 1060 2457 ab
1073 2382 1490 2490 initio-maximcscrip-
1603 2387 1608 2395 ’

95 2526 172 2603 tus;
185 2506 583 2613 saepiusCommeliani
597 2503 776 2581 lectiones
787 2504 1001 2597 confirmat,
1014 2507 1356 2585 etvemstissimtnn
1365 2510 1493 2591 exem-

93 2634 178 2738 plar
193 2631 374 2707 librarius
389 2646 538 2706 secutus
557 2654 633 2704 esse
648 2630 806 2715 ,videtun
840 2628 887 2703 Ei
907 2629 1124 2707 simillimus
1143 2634 1370 2724 Heusiatws,
1388 2636 1492 2711 Heu-

96 2757 139 2831 sii
157 2756 374 2846 cuiusdam,
390 2754 500 2859 apud
523 2752 947 2858 Memmingenses'oliin
968 2754 1156 2846 anfisfitis,
1180 2754 1289 2832 liber.
1323 2760 1493 2836 lacertos

97 2882 187 2957 dicit
212 2880 363 2957 Cortius
386 2879 507 2954 varias
525 2875 714 2965 lectiones,
730 2876 756 2949 'a
775 2874 1030 2952 Schelbomio
1053 2878 1095 2953 in
1117 2881 1289 2985 margine
1301 2882 1494 2959 Editionis

98 3003 333 3110 Gryphianae
359 3017 519 3077 notatas
555 3004 786 3077 Froncianus
802 3001 908 3093 libes,
924 3003 1000 3105 qni
1016 3000 1109 3078 olim
1119 3008 1158 3078 P.
1175 3006 1332 3080 Francii
1349 3006 1491 3096 fixerat,

97 3130 283 3204 recentior
298 3128 341 3203 'et
355 3125 659 3229 comptissimus
678 3140 749 3217 est3
774 3124 882 3199 cuius
894 3151 1035 3229 paucas
1051 3127 1233 3204 lectiones
1251 3131 1401 3205 Cottius
1419 3132 1492 3206 sub

98 3252 210 3329 finem
219 3250 400 3329 ‘Catilinae
413 3248 567 3324 notavit.
596 3248 897 3325 Vratislavicitses
909 3248 1017 3325 haud
1027 3251 1192 3326 melioris
1203 3269 1295 3327 sunt
1307 3251 1494 3331 conditio-

99 3378 166 3466 nis,
180 3402 349 3480 quorum
361 3373 483 3449 varias
497 3372 675 3447 lectiones
692 3372 841 3448 Cottius
862 3373 938 3447 soli
958 3374 1155 3478 Iugnrtbae
1173 3376 1388 3480 adscripsit,
1414 3378 1495 3455 bel-

98 3500 179 3575 lum
190 3501 296 3575 enim
307 3497 578 3574 catilinarium
597 3496 696 3599 typis
707 3496 783 3571 iam
791 3497 1025 3601 exscriptum
1038 3517 1135 3589 erat,
1148 3526 1240 3574 cum
1251 3502 1286 3576 ei
1296 3505 1493 3583 transmis-

99 3625 127 3699 si
149 3641 248 3701 sunt.
282 3624 430 3697 Primus
444 3620 670 3708 Membran,
692 3614 816 3694 forma
830 3619 1042 3723 quadrata,
1066 3621 1269 3727 diligenter
1290 3643 1329 3700 et
1346 3629 1492 3733 perspi-

97 3774 168 3822 cue
185 3747 348 3851 scriptus
361 3760 423 3819 est
460 3744 507 3817 In
533 3742 610 3817 fine
629 3742 789 3847 legitur:
801 3794 823 3827 *a
837 3744 1017 3820 Nicolaus
1032 3744 1237 3823 Philetious
1254 3747 1362 3824 hunc
1383 3749 1495 3829 libel·
1522 3766 1528 3777 “

101 3871 182 3945 lum
195 3869 362 3975 scripsit,
378 3894 481 3942 anno
491 3867 652 3943 Domini
665 3865 773 3941 Mille
790 3868 920 3943 CCCC
937 3867 995 3967 57.
1005 3874 1021 3905 ’⁹
1045 3870 1164 3945 Paulo
1174 3874 1360 3948 vetmior
1369 3892 1426 3952 cst
1441 3900 1497 3954 se-

101 3994 266 4084 cundus,
286 3992 422 4068 eodem
435 3991 557 4066 foma
571 3990 656 4080 ‚sod
675 3988 774 4065 loliis
787 3990 1083 4067 membranaceis
1091 4009 1133 4067 et
1145 3992 1363 4074 thamesis
1386 3998 1496 4076 iuno.

102 4117 165 4209 tis,
175 4114 359 4195 ut'Gue'lf
364 4116 413 4207 Χ,
432 4115 501 4191 oui
516 4115 632 4207 etim
647 4114 1015 4191 litternnmdnctus
1028 4116 1322 4210 sinfillimisunt
1347 4112 1497 4201 Tettius
