3850 4867
1451 354 1526 431 2²9

123 512 257 615 gloriae
267 515 488 610 demiserat,
513 543 690 595 maxume
716 517 820 622 apud
840 534 981 597 veteres
995 536 1033 596 et
1058 537 1206 597 sanctos
1226 518 1344 607 viroc,
1361 513 1524 619 superba

121 636 372 745 illa,grovia,
388 642 545 748 indigna
559 646 730 725 Romano
744 643 905 747 imperio
918 646 1194 721 existumanteo.
1217 685 1269 701 ·-
1292 649 1352 736 42
1375 639 1526 715 Ruunt·

122 788 204 867 que
223 792 310 869 pars
328 794 466 872 magna
481 768 636 843 suismet
662 783 730 841 aut
750 794 1027 871 proxumorum
1049 770 1154 863 telis,
1173 766 1286 845 ceteri
1309 764 1391 841 vice
1414 786 1522 867 peco-
1596 757 1599 763 ’

121 914 217 963 rum
240 890 582 968 obtruncabantur.
606 934 658 951 -
688 898 747 986 45.
776 894 985 970 Occurrere
1004 895 1095 970 duci
1126 911 1165 969 et
1185 890 1362 997 praeliom
1393 912 1528 963 accen*

119 1011 238 1105 dere,
261 1015 357 1091 adeo
393 1016 451 1091 uti
475 1014 630 1093 Metello
653 1015 695 1091 in
722 1002 878 1121 sagum,
916 1018 1108 1095 Hirtuleio
1137 1020 1178 1091 in
1209 1012 1415 1092 brachium
1450 1010 1526 1087 tela

117 1140 309 1215 venirent
335 1188 385 1205 -
408 1148 467 1235 44.
492 1140 697 1243 Avidisque
717 1140 769 1215 ita
804 1143 1040 1246 promtisque
1067 1143 1251 1233 ducibus,
1273 1140 1333 1215 uti
1351 1134 1526 1213 Metellus

120 1261 210 1336 ictu
232 1263 390 1368 tragulae
410 1264 653 1341 sauciaretur.
676 1309 728 1325 -
752 1264 813 1359 45.
836 1267 908 1343 Sed
936 1267 1111 1344 Metellus
1133 1268 1175 1343 in
1199 1266 1362 1343 volnere.
1384 1300 1442 1319 ·-
1466 1260 1528 1353 46.

120 1388 255 1464 Primo
285 1387 423 1463 incidit
441 1386 547 1463 'forte
569 1379 683 1491 super
707 1407 860 1464 noctem
886 1391 928 1465 in
951 1391 1164 1469 lenunculo
1180 1387 1367 1495 piscantis.
1392 1426 1443 1443 -
1466 1391 1528 1481 47.

119 1510 187 1584 Ad
204 1510 280 1587 boc
300 1538 423 1615 pauca
451 1511 621 1617 piraticae
644 1512 820 1619 adiungit
841 1516 1012 1590 actuaria
1039 1517 1199 1621 neviff'a.
1225 1562 1276 1579 --
1299 1516 1359 1606 48.
1385 1507 1527 1583 Omnia

120 1652 274 1711 secrato
297 1663 455 1741 corpora
479 1637 521 1711 in
544 1652 664 1711 ratem
681 1635 906 1741 imposuisee.
919 1688 970 1702 -
993 1647 1052 1737 49
1077 1642 1171 1715 Suos
1192 1634 1339 1744 equites
1353 1630 1529 1707 hortatus

122 1761 227 1837 vado
240 1761 472 1841 transmittit.
498 1806 548 1824 --
574 1759 631 1835 50.
656 1761 907 1853 laneorum,
932 1762 1003 1864 qui
1024 1763 1067 1838 in
1083 1762 1246 1839 flumine
1263 1759 1444 1846 ruebant,
1461 1780 1530 1831 ne·
1651 1838 1656 1843 ,

125 1884 328 1961 cabantur.
352 1930 405 1948 -
424 1882 482 1960 51.
509 1884 765 1959 Circumventi
782 1883 929 1975 dextra,
952 1885 1058 1963 unde
1077 1885 1223 1963 fenum
1235 1900 1331 1972 enit,
1354 1906 1443 1964 taxa
1461 1894 1530 1955 tut

120 2008 224 2115 qnid
256 2009 331 2085 tale
360 2024 478 2112 caput
509 2006 749 2111 adfligebant
775 2054 826 2069 -
866 2007 1022 2091 52.‚sed
1053 2011 1232 2087 Metellus
1267 2008 1311 2082 in
1348 2002 1533 2079 ulteriore

125 2132 338 2239 provincia.
362 2178 414 2197 --
437 2130 494 2207 55.
520 2134 691 2207 Immone
722 2148 914 2234 quantum
947 2135 1069 2211 animi
1103 2158 1279 2212 exarsere
1302 2171 1352 2189 -
1389 2125 1446 2221 54.
1479 2128 1531 2199 At

124 2258 214 2349 illi,
239 2256 380 2359 quibus
400 2280 456 2329 res
485 2254 678 2359 incognita
707 2274 803 2347 erat,
829 2285 939 2334 ruere
964 2260 1096 2337 cuncti
1112 2260 1162 2336 ad
1186 2274 1313 2366 portas
1340 2247 1534 2325 inconditi

129 2380 294 2458 tendere.
320 2421 371 2437 ·-
395 2377 452 2455 55.
478 2380 636 2453 Murum
651 2378 700 2453 ab
720 2380 862 2484 ungulo
881 2380 1004 2458 dextri
1020 2382 1146 2462 lateris
1165 2384 1214 2461 ad
1231 2376 1412 2489 paludem
1425 2372 1534 2450 baud

127 2506 267 2615 procul
283 2520 466 2582 remotum
483 2502 603 2581 duxit.

712 2730 806 2803 Lrn.
857 2732 942 2805 III.

230 2872 266 2953 ἰ.
292 2875 552 2979 Exaudirique
566 2900 681 2951 sonus
696 2874 1123 2953 Bacchanaliorum-—
1148 2909 1180 2961 2.
1205 2886 1384 2984 Diversa,
1408 2891 1534 2976 utico-

129 3004 185 3081 let
216 3002 328 3121 rebus
358 3001 534 3107 perdide,
561 3016 783 3104 capessunt:
809 3027 977 3104 nomque
1001 3004 1068 3078 alii
1092 3006 1232 3087 fiducia
1260 3018 1457 3119 gnaritatis
1477 3022 1536 3097 lo·

131 3155 267 3207 corum
282 3127 323 3202 in
353 3125 543 3203 occultem
565 3125 695 3231 fugem
727 3124 868 3228 sparsi3
900 3125 968 3200 alii
993 3126 1114 3231 globis
1139 3127 1380 3241 eruptionem
1413 3158 1537 3249 temp·

135 3335 171 3397 13
180 3375 190 3408 ,
203 3335 231 3394 8.
251 3331 301 3392 ced
314 3350 369 3411 pro
385 3328 511 3403 incidit,
525 3328 631 3390 indicit
648 3334 694 3391 vel
712 3329 825 3391 inducit
841 3332 966 3414 legitote
986 3356 1041 3415 pro
1060 3358 1146 3418 super
1165 3339 1266 3401 Carrio
1279 3363 1351 3425 pem·
1373 3349 1534 3411 renwwnlo

133 3441 276 3502 idem.·-
301 3436 350 3517 47.
371 3434 449 3494 Non.
471 3439 614 3515 13,9.-
634 3433 682 3506 48.
705 3432 740 3492 C.
759 3440 805 3496 Fr.
827 3434 896 3516 imp.
915 3469 958 3483 -
986 3440 1035 3520 49.
1055 3442 1098 3500 id.
1117 3452 1241 3506 tranem.
1263 3480 1306 3495 -
1327 3452 1374 3511 50,
1395 3451 1474 3513 non,
1494 3454 1534 3515 „d

133 3540 308 3623 Adcipio,
326 3562 360 3615 2,
377 3561 423 3600 αι.
444 3572 485 3586 -
515 3542 563 3599 5ι.
586 3539 620 3597 C.
633 3538 681 3598 Fr.
701 3540 826 3617 adflicti.
841 3542 932 3622 copiti
945 3546 1044 3626 vulgo.
1064 3579 1106 3592 —
1135 3548 1183 3607 52.
1203 3548 1282 3611 Don.
1301 3554 1341 3613 ed
1357 3554 1475 3624 Phorm.
1499 3581 1537 3636 ι,

136 3652 174 3724 4,
192 3649 236 3707 1⁵·
255 3679 297 3694 ··
328 3644 376 3706 53·
397 3643 611 3717 N⁰1¹=²ii5⁰·
630 3676 673 3690 -···
701 3644 749 3715 54·
769 3644 848 3727 Serv·
866 3646 905 3705 ad
921 3647 1021 3733 Eeiog.
1044 3670 1079 3721 π,
1095 3651 1124 3722 4.
1145 3656 1223 3713 sotm
1235 3655 1333 3719 Ursini
1349 3660 1425 3722 liber
1443 3685 1478 3725 cx
1496 3665 1536 3731 Π.

137 3755 203 3817 bist.
217 3750 279 3815 hec
296 3750 405 3825 laudat,
422 3750 508 3809 ceteri
522 3750 580 3808 fere
599 3768 633 3809 cx
642 3746 801 3830 Iugurtha,
821 3750 872 3809 sed
887 3754 976 3812 lectio
985 3757 1088 3827 venat,
1103 3777 1159 3836 pro
1174 3780 1257 3821 ruere
1266 3765 1388 3844 plurimi
1397 3767 1538 3833 libriin..

140 3878 180 3923 re.
199 3853 344 3919 inconditi
358 3854 476 3914 tendere
490 3871 524 3912 ex
541 3854 707 3915 coniectore
719 3854 832 3935 recepi,
852 3858 975 3936 plurimi
987 3857 1055 3918 libri
1068 3858 1223 3941 incognito
1239 3870 1413 3936 tendercvcl
1430 3873 1539 3937 incon·

140 3965 196 4026 diti
208 3973 314 4028 tenere.
332 3992 374 4009 -
395 3960 443 4025 55.
464 3958 541 4023 Serv.
557 3956 596 4018 ed
614 3957 688 4019 Aen.
703 3979 739 4029 1,
759 3959 828 4031 423.

217 4124 376 4197 imni.
421 4118 1087 4213 1.Non.7,d9.Macrobsatornaffls-
1119 4136 1537 4223 2.Prisc.1o,8,5od;ubi
1641 4196 1646 4201 .

149 4248 178 4308 5„
192 4240 326 4325 plurimi·
344 4236 425 4298 libris
443 4232 581 4298 lacescivit
593 4236 710 4317 legitur,
731 4236 762 4294 in
782 4235 880 4295 ceteris
901 4235 1067 4331 contnivit3
1087 4240 1139 4302 ted
1156 4244 1236 4325 opud
1258 4244 1446 4362 nonium?
1468 4256 1538 4337 367.
