3850 4867
1553 331 1579 404 9

178 523 251 602 pus
271 495 383 572 annis
403 494 620 584 infirmum,
646 490 845 597 ingenium
867 489 1053 596 sapientia
1070 489 1244 566 validum
1266 502 1368 580 erat,
1393 485 1577 594 reipubli-

178 647 231 696 cae
253 620 522 696 consultabant
529 650 540 713 3
564 616 607 692 hi
629 615 687 691 vel
714 630 839 706 aetate,
877 595 936 689 vel
962 639 1064 688 curae
1084 612 1335 688 similitudine
1359 627 1483 716 patres
1510 610 1577 686 ad·

177 743 434 848 pellabantur.
471 747 573 831 Post,
597 738 665 814 ubi
679 739 825 844 regium
846 737 1069 842 imperium,
1095 737 1200 840 quod
1225 735 1337 812 initio
1355 757 1577 812 conservan-

177 866 237 941 dae
259 867 443 942 libertatis
468 881 584 969 atque
611 863 792 968 augendae
811 860 1032 965 reipublicae
1054 861 1193 951 suerat,
1220 861 1263 936 in
1278 859 1496 964 superbiam
1509 861 1575 935 do-

177 991 506 1092 minationemque
534 988 603 1087 (se)
630 986 847 1078 convortit3
879 986 1081 1060 immutato
1103 1012 1233 1074 more,
1257 1011 1387 1060 annua
1417 984 1575 1088 imperia

176 1114 363 1218 binosque
385 1114 626 1216 imperatores
650 1110 731 1218 sibi
756 1110 899 1204 fecere3
931 1136 975 1184 eo
1002 1108 1118 1204 modo
1140 1108 1311 1183 minume
1336 1133 1442 1210 posse
1461 1125 1574 1212 puta-

174 1237 271 1310 hant
288 1265 358 1341 per
379 1236 575 1311 licentiam
594 1235 814 1309 insolescere
839 1232 1015 1307 animum
1038 1231 1263 1307 humanum.
1314 1232 1386 1306 Sed
1414 1257 1457 1306 ea
1479 1241 1600 1310 tem-7

174 1375 317 1464 pestate
334 1385 482 1464 coepere
511 1357 731 1460 aequisque
757 1355 874 1460 magis
899 1354 1077 1430 extollere
1101 1357 1294 1460 magisque
1311 1358 1509 1463 ingenium
1531 1357 1575 1433 in

173 1499 359 1587 promptu
378 1482 527 1558 habere.
563 1483 661 1556 Nam
681 1481 830 1584 regibus
851 1479 944 1554 boni
966 1506 1083 1584 quam
1104 1480 1195 1553 mali
1216 1481 1460 1584 suspectiores
1473 1497 1574 1570 sunt,

171 1631 396 1710 semperque
411 1603 471 1682 his
492 1605 615 1680 aliena
634 1605 754 1679 virtus
779 1601 1021 1678 formidolosa
1043 1618 1106 1677 est.
1148 1603 1220 1678 Sed
1236 1604 1384 1695 civitas,
1410 1605 1575 1683 inmedi-

173 1729 252 1805 bile
266 1747 479 1805 memoratu
496 1745 566 1819 est,
585 1728 722 1832 adepta
742 1725 933 1818 libertate,
954 1742 1146 1830 quantum
1165 1727 1271 1804 brevi
1290 1730 1465 1804 creverit:
1490 1745 1574 1806 tan-
1642 1828 1645 1832 .

175 1869 214 1928 ta
236 1853 378 1957 cupido
397 1852 526 1959 gloriae
544 1853 751 1928 incesserat.
784 1853 871 1926 Jam
885 1839 1055 1955 primuin
1075 1851 1270 1944 iuventus,
1283 1852 1397 1929 simul
1418 1880 1463 1930 ac
1481 1855 1573 1929 belli

171 1977 321 2082 patiens
340 1994 437 2068 erat,
463 1978 506 2053 in
529 1976 658 2053 castris
676 2002 746 2079 per
768 1974 939 2051 laborem
966 2001 1038 2050 usu
1066 1974 1245 2050 militiam
1264 1976 1453 2052 discebat:
1491 2005 1571 2054 ma·

169 2100 302 2205 gisque
325 2101 368 2176 in
390 2100 533 2176 decoris
554 2101 667 2175 armis
688 2115 726 2174 et
746 2098 976 2173 militaribus
1003 2098 1131 2201 equis,
1156 2126 1274 2203 quam
1299 2100 1342 2175 in
1359 2102 1491 2178 scortis
1515 2119 1571 2176 at·

170 2249 248 2326 que
266 2223 447 2299 conviviis
468 2223 683 2298 lubidinem
701 2221 904 2297 habebant.
935 2223 1058 2326 Igitur
1080 2223 1219 2301 talibus
1243 2223 1333 2300 viris
1359 2251 1439 2300 non
1465 2223 1570 2300 labos

170 2345 363 2436 insolitus,
386 2375 466 2423 nou
480 2348 584 2421 locus
600 2346 703 2421 ullus
721 2371 829 2450 asper
847 2361 915 2420 aut
930 2345 1072 2422 arduus
1085 2364 1184 2436 erat,
1202 2375 1283 2424 non
1302 2345 1571 2425 armatuedros-

171 2471 219 2544 tis
239 2469 529 2547 formidolosus:
554 2469 673 2545 virtus
693 2468 820 2545 omnia
841 2467 1050 2545 domuerat
1091 2469 1163 2547 Sed
1187 2470 1315 2576 gloriae
1345 2486 1569 2578 maxumum

164 2693 283 2772 piendis
299 2713 399 2752 omues
420 2693 503 2756 Basil.
527 2692 623 2755 Turio.
645 2691 730 2754 Bern.
750 2691 787 2750 de
805 2690 885 2755 Leid.
905 2711 968 2751 non
984 2692 1050 2752 satis
1070 2703 1199 2765 eonem,-
1229 2694 1469 2777 orthographiam
1489 2700 1569 2758 enim

168 2797 292 2861 Havete.
318 2817 379 2856 non
403 2797 468 2856 satis
488 2806 620 2857 accurate
641 2814 820 2875 comparasse
845 2795 970 2856 ridetur.
1009 2798 1145 2858 vuiidwu
1167 2809 1242 2864 erat.
1266 2821 1368 2859 omnes
1399 2800 1461 2866 Bae.
1488 2801 1568 2867 Leid.

167 2902 228 2965 Erl.
242 2902 309 2984 Τις.
327 2902 395 2965 Τιιι.
413 2923 438 2966 ι.
455 2920 483 2965 ι.
499 2901 583 2964 Bern.
599 2900 627 2960 5.
643 2911 672 2960 et
686 2921 709 2964 1.
729 2898 808 2958 idem
827 2898 1040 2979 ingeniumque.
1055 2906 1273 2965 commanere
1292 2902 1472 2983 reipublicae.
1488 2905 1570 2986 quod

166 3009 201 3066 in
224 3008 324 3066 multis
337 3005 433 3064 Codd.
454 3005 589 3078 additur,
612 3025 709 3068 eausa.
724 3003 803 3082 abest
820 3025 837 3062 a
854 3003 915 3067 Bas.
934 3025 959 3068 ι.
974 3024 1002 3070 2.
1022 3005 1050 3076 4.
1066 3004 1147 3071 Leid.
1161 3028 1189 3066 ιι.
1206 3029 1233 3070 e.
1246 3007 1276 3071 d.
1291 3029 1319 3089 g.
1333 3008 1353 3070 i.
1369 3010 1391 3066 l.
1407 3029 1448 3072 m.
1460 3029 1493 3072 u.
1511 3007 1569 3069 Fa-

165 3111 241 3170 brio.
258 3110 400 3171 1.'Guels.
414 3131 441 3174 a.
453 3111 482 3174 6.
502 3109 587 3170 Rem.
600 3112 658 3174 inc.
670 3131 696 3168 2.
724 3117 810 3186 atque
820 3109 983 3188 elegeam
1003 3119 1090 3188 utque
1107 3112 1268 3171 omisemnt
1279 3111 1359 3175 leid.
1375 3133 1402 3172 c.
1417 3113 1438 3171 l.
1454 3131 1568 3191 ungena

164 3217 278 3294 doeqrte.
290 3215 369 3280 Leid.
384 3236 425 3278 m.
445 3233 474 3274 se
487 3214 637 3278 convertit.
646 3213 726 3272 leid.
746 3213 776 3277 b.
798 3234 825 3274 c.
845 3213 875 3277 d.
894 3233 919 3278 e.
942 3210 1008 3295 g.h
1029 3213 1049 3280 i.
1069 3214 1096 3278 k.
1116 3218 1138 3278 1.
1153 3235 1262 3275 omnes
1272 3214 1407 3289 Gruteri,
1429 3215 1523 3276 Curtii
1538 3226 1568 3277 et

163 3319 270 3382 waes
287 3319 364 3379 libri.
384 3319 446 3383 ru.
461 3340 486 3383 t.
507 3339 534 3383 ι.
556 3318 584 3390 ι,
602 3319 659 3382 ra.
675 3317 742 3399 reg.
757 3317 853 3378 ruse.
873 3339 898 3377 t.
921 3339 948 3384 ι.
966 3317 1051 3377 nm.
1069 3339 1095 3377 t.
1113 3317 1142 3378 ι.
1184 3337 1213 3378 ω
1233 3318 1415 3382 comme.
1436 3318 1521 3380 nm.
1539 3342 1565 3386 ι.
1605 3391 1608 3394 ,
1724 3306 1729 3318 ’

164 3444 251 3506 conr.
263 3443 292 3485 se
305 3423 384 3488 teid.
403 3425 423 3484 f.
440 3423 581 3484 convoti!
590 3444 657 3487 sese.
673 3405 735 3487 Bas.
749 3423 778 3487 3.
792 3443 832 3481 m.
844 3443 900 3482 sec.
921 3442 950 3483 se
966 3423 1115 3482 omissum.
1135 3421 1253 3487 [eide.
1266 3443 1306 3486 m.
1322 3442 1354 3481 n.
1364 3423 1397 3482 in
1413 3441 1476 3483 nno
1488 3423 1566 3484 Cod.

163 3529 291 3588 Manutii
302 3538 331 3586 et
342 3528 418 3588 libro
428 3528 549 3592 Merseb.
566 3527 653 3590 Rivii.
666 3527 701 3588 de
711 3525 841 3586 Parisinis
857 3545 918 3586 non
929 3528 1030 3607 liquet.
1041 3525 1177 3603 binosque
1192 3526 1331 3586 eonsules.
1350 3524 1448 3591 Guell.
1463 3546 1489 3586 ι.
1502 3527 1566 3592 eriri.

162 3654 226 3698 om.
248 3635 306 3696 inc.
327 3654 352 3690 ι.
382 3631 438 3692 sibi
452 3631 520 3712 imp.
556 3630 636 3690 leid.
653 3631 674 3690 l.
694 3630 815 3690 ηιίιιίηιι
829 3649 931 3690 omnes
957 3629 1019 3695 Bae.
1045 3628 1125 3693 tiit.
1140 3628 1209 3689 Tur.
1235 3629 1319 3694 Bern.
1342 3641 1399 3711 per
1416 3629 1567 3692 licentiam

158 3737 314 3816 pruciam.
334 3735 466 3799 leidm.
504 3753 506 3759 ·

224 3863 298 3946 Cap.
314 3887 342 3946 7.
366 3883 485 3945 cepere.
500 3867 609 3924 emutat
625 3866 657 3924 in
685 3866 821 3946 plurimis
842 3861 992 3924 Ciaoconii
1019 3872 1048 3922 et
1064 3861 1163 3922 Ursini
1179 3861 1278 3923 Codd.
1299 3863 1386 3923 etiam
1404 3863 1564 3929 Gruterum

162 3969 299 4032 offendit.
320 3968 414 4049 mugit
427 3970 574 4030 extollere.
595 3973 682 4052 longe
695 3966 928 4050 plurimi'Codd.
946 3985 1049 4028 omnes
1063 3965 1144 4026 Leid.
1163 3978 1294 4049 excepto.
1309 3989 1350 4026 m.
1368 3967 1430 4028 Bae.
1449 3988 1476 4028 ι.
1490 3991 1518 4031 a.
1530 3970 1561 4042 4.

164 4075 263 4136 Guelf.
285 4093 313 4134 ι.
325 4072 355 4144 ἆ.
370 4074 397 4134 5.
415 4071 443 4134 6.
463 4095 491 4155 7.
505 4075 534 4134 8.
550 4094 580 4154 9.
597 4094 643 4132 ιο.
660 4093 705 4132 ιι.
721 4093 765 4132 ιι.
786 4071 906 4136 Eeeard.
921 4070 1008 4130 Heus.
1022 4071 1123 4131 Vinar.
1144 4092 1170 4131 ι.
1183 4073 1282 4132 Sonat.
1297 4083 1393 4155 uterq.
1407 4073 1558 4136 etllabrie.

163 4199 193 4240 a.
210 4179 279 4239 Tur.
297 4198 323 4238 ι.
341 4177 426 4239 Bern.
443 4198 470 4238 a.
488 4177 518 4240 ὅ.
530 4175 590 4238 Eri.
604 4177 671 4259 Τις.
694 4175 797 4256 magia.
813 4177 955 4236 omittunt
982 4174 1096 4243 ΒΜ.
1119 4174 1201 4236 leid.
1216 4197 1257 4236 m.
1277 4176 1391 4238 Febris.
1415 4198 1442 4238 ι.
1463 4178 1558 4241 Strnr.

1172 4329 1193 4376 2
