3850 4867
378 332 449 430 178

373 508 454 599 ria,
484 534 665 614 pessumae
696 527 810 603 artes,
842 510 937 601 illis,
963 509 1031 614 qui
1061 509 1211 586 coluere
1237 535 1316 600 eas,
1340 507 1441 585 nihil
1472 503 1763 601 obiiciunt31ei-

371 633 539 739 publicae
557 635 723 712 innoxiae
750 636 851 712 cladi
877 651 977 710 sunt.
1014 620 1134 709 'Nunc
1152 634 1336 738 quoniam
1359 633 1453 718 illis,
1477 649 1667 736 quantum
1692 655 1765 704 mo-

373 784 432 835 rus
459 759 553 851 mei,
587 787 668 835 non
701 759 857 835 illorum
886 757 1030 863 flagitia
1063 759 1290 862 poscebant,
1326 757 1529 862 respondi,
1562 783 1685 861 pauca
1722 753 1764 828 de

375 881 574 983 republica
599 881 745 986 loquar.
794 882 966 957 Primum
996 883 1171 958 omnium
1191 883 1240 958 de
1261 881 1441 958 Numidia
1465 881 1612 956 bonum
1636 877 1768 952 habete

375 1004 571 1096 animum,
595 1005 773 1103 Quirites.
816 1007 915 1082 Nam
943 1031 1029 1108 quae
1053 1005 1102 1082 ad
1125 1003 1199 1082 hoc
1226 1023 1373 1110 tempus
1394 1003 1620 1110 Iugurtham
1652 1017 1768 1078 tutata
1879 1015 1880 1044 ³

373 1145 487 1220 sunt,
511 1129 640 1206 omnia
662 1129 886 1220 removistis,
910 1129 1124 1220 avan'tiam,
1148 1129 1379 1234 imperitiam
1403 1147 1518 1236 atque
1548 1127 1769 1232 superbiam.

375 1250 527 1328 Deinde
554 1253 739 1328 exercitus
768 1252 822 1326 ibi
849 1269 916 1342 est,
941 1253 1115 1328 locorum
1147 1253 1284 1345 sciens;
1315 1253 1380 1328 sed
1407 1251 1623 1328 mehercule
1660 1247 1771 1353 magis
1880 1315 1881 1342 ,

374 1391 552 1452 strenuus
582 1403 700 1478 quam
728 1375 827 1451 felix.
872 1380 970 1452 Nam
991 1404 1129 1482 magna
1150 1403 1238 1480 pars
1263 1377 1341 1452 eius
1360 1377 1518 1453 avaritia
1541 1391 1609 1450 aut
1629 1374 1773 1449 temeri-

377 1517 454 1576 tate
479 1499 619 1575 ducam
650 1499 790 1575 adtrita
817 1515 878 1576 eet.
922 1501 1182 1598 Quamobrem
1208 1527 1292 1591 vos,
1314 1501 1454 1602 quibus
1486 1499 1664 1575 militaris
1693 1513 1774 1573 aetas

376 1639 453 1714 est,
478 1623 698 1698 adnitimini
727 1651 878 1700 mecum
901 1640 940 1698 et
970 1623 1147 1726 capessite
1168 1622 1469 1727 rempublicam:
1495 1650 1620 1726 neque
1647 1649 1776 1726 quem-

378 1775 497 1854 quam
513 1775 559 1824 ex
578 1747 793 1822 calamitate
818 1746 983 1822 aliorum
1005 1761 1073 1821 aut
1095 1745 1369 1850 imperatorum
1388 1747 1565 1852 superbia
1582 1763 1706 1821 metus
1724 1771 1776 1820 ce·

378 1872 488 1978 perit
527 1873 686 1978 Egomet
707 1871 749 1948 in
762 1870 929 1976 agmine,
953 1870 994 1945 in
1011 1869 1144 1974 praelio
1164 1872 1359 1946 consultor
1378 1871 1478 1947 idem
1490 1887 1528 1947 et
1547 1871 1670 1946 socius
1683 1869 1777 1974 peri-

377 1995 457 2076 culi
472 1997 667 2073 vobiscum
694 1995 829 2088 ader03
852 2021 990 2098 meque
1014 2020 1153 2098 vosque
1179 1994 1220 2068 in
1250 1995 1427 2072 omnibus
1455 1995 1566 2072 rebus
1589 1996 1697 2069 iuxta
1722 2019 1776 2097 ge-

377 2149 471 2198 ram.
516 2125 568 2198 Et
588 2119 773 2226 profecto,
798 2119 855 2194 dis
881 2119 1116 2208 iuvantibus,
1143 2118 1271 2194 omnia
1296 2136 1447 2194 matura
1468 2135 1578 2209 sunt,
1600 2119 1776 2204 victorin,

381 2246 525 2352 proeda,
551 2245 656 2320 laus:
682 2269 769 2347 quae
796 2243 826 2317 si
851 2241 970 2318 dubia
997 2259 1065 2318 aut
1093 2243 1228 2346 procul
1250 2259 1390 2335 essent,
1416 2259 1543 2318 tamen
1570 2247 1695 2319 omnis
1715 2245 1777 2316 bo·
1883 2273 1884 2280 ¹

381 2397 451 2447 nos
472 2368 694 2473 reipublicae
711 2366 912 2442 subvenire
931 2367 1095 2442 decebat
1139 2368 1293 2442 Etenim
1317 2368 1464 2474 ignavia
1490 2393 1602 2443 nemo
1628 2367 1778 2442 immor-

383 2493 470 2567 talis
487 2491 609 2567 factus
633 2507 709 2566 est:
735 2515 859 2593 neque
878 2489 1080 2593 quisquam
1099 2515 1235 2594 parens
1256 2489 1399 2582 liberis,
1420 2493 1478 2566 uti
1496 2491 1627 2567 aeterni
1647 2491 1779 2576 forent,

384 2614 549 2719 optavit3
573 2615 707 2719 magis,
730 2613 789 2688 uti
808 2613 900 2687 boni
920 2612 1145 2716 honestique
1163 2615 1281 2691 vitam
1301 2615 1498 2720 exigerent.
1547 2615 1663 2690 Plura
1685 2615 1780 2690 dice·

384 2766 483 2828 rem,
509 2738 696 2836 Quirites,
718 2737 749 2812 si
778 2736 918 2812 timidis
944 2737 1124 2845 uirtutem
1144 2738 1258 2813 verba
1279 2737 1486 2834 adderent3
1510 2767 1601 2814 uam
1622 2738 1779 2816 strenuis

385 2862 539 2938 abunde
555 2861 702 2937 dictum
720 2867 849 2965 puto.''

337 3006 376 3067 86
485 2986 757 3063 Huiuscemodi
788 2985 958 3060 oratione
984 2983 1135 3076 habita,
1159 2987 1303 3063 Marius
1328 3005 1529 3092 postquam
1555 2988 1675 3092 plebis
1701 2989 1778 3063 ani-

386 3137 467 3189 mos
488 3128 650 3188 arrectos
671 3111 802 3200 videt„
819 3136 980 3212 propere
997 3127 1230 3200 commeatu,
1256 3111 1446 3215 stipendio
1460 3169 1470 3202 ,
1484 3113 1598 3188 armis
1625 3112 1779 3217 aliisque

386 3240 548 3315 utilibus
565 3236 671 3312 navis
694 3250 827 3310 onerat
846 3265 854 3306 :
878 3259 969 3308 cum
987 3230 1047 3306 his
1061 3235 1102 3306 A.
1126 3233 1318 3310 Manlium
1336 3235 1502 3340 legatum
1520 3236 1707 3341 proficisci
1726 3239 1780 3315 iu·

385 3423 509 3516 tingitur
523 3433 574 3516 qui
584 3435 720 3496 dedecor.
739 3431 808 3514 Τις.
829 3430 890 3491 duo
901 3427 989 3492 Ririi.
1003 3426 1136 3490 habetote
1149 3451 1200 3497 an.
1221 3431 1332 3494 Fabric.
1353 3433 1437 3494 Leid.¹
1444 3457 1472 3495 a.
1483 3457 1510 3496 c.
1522 3435 1549 3494 k.
1560 3457 1595 3498 n.
1615 3437 1656 3496 ita
1664 3435 1779 3498 llaverc.

388 3550 453 3599 tuta
466 3550 533 3600 sunt
552 3541 620 3606 Vin.
633 3561 659 3601 ι.
681 3535 793 3598 Febris.
807 3556 832 3595 1.
854 3533 943 3595 lead.
963 3535 1030 3594 Ecc.
1052 3533 1149 3594 Guell.
1165 3535 1231 3594 nd.
1242 3535 1271 3607 d.
1283 3537 1312 3596 6.
1325 3558 1371 3598 ιο.
1391 3539 1504 3601 Carrio.
1524 3551 1610 3620 atquc
1623 3542 1779 3624 ιιιριιὸἰαιιι

388 3645 471 3712 Ircid.
482 3667 510 3705 a.
522 3645 589 3712 na.
603 3646 633 3705 d.
644 3669 671 3708 e.
683 3667 713 3729 g.
725 3641 788 3706 h.i.
798 3642 828 3703 k.
839 3662 872 3700 n.
892 3640 953 3698 llas.
966 3659 991 3698 1.
1003 3639 1031 3710 4.
1052 3637 1272 3702 Υἱιιιι.,οιιι1ΐ.
1285 3641 1313 3713 Δ.
1339 3643 1424 3704 Bam.
1441 3666 1465 3705 ι.
1480 3651 1508 3709 3.
1536 3645 1578 3706 att
1588 3657 1639 3708 eet.
1659 3657 1699 3709 est
1725 3668 1780 3708 om.

388 3755 474 3813 Vrat.
484 3753 511 3812 3.
532 3749 629 3810 senat.
646 3771 672 3809 ι.
693 3757 734 3808 ast
748 3758 828 3808 oetas.
848 3755 889 3806 est
901 3766 974 3808 om..
985 3746 1065 3806 Vrat.
1080 3764 1109 3805 a.
1128 3745 1305 3806 adnitimini
1317 3767 1439 3810 mecum.
1463 3769 1576 3811 mecum
1601 3773 1662 3812 om.
1682 3751 1741 3812 Bac
1757 3771 1780 3809 1.

390 3866 442 3918 aaa
456 3855 490 3916 in
505 3855 609 3937 prolia
627 3855 697 3915 vin.
716 3852 778 3914 Bas.
791 3873 818 3913 1.
838 3853 1068 3914 llem..Vrat.1.
1088 3849 1165 3922 Ειο.,
1185 3851 1282 3914 Guell.
1298 3855 1327 3914 6.
1339 3877 1368 3937 7.
1379 3877 1410 3938 9.
1427 3876 1470 3920 ιο.
1498 3857 1581 3918 Leid.
1598 3857 1628 3916 d.
1645 3879 1670 3917 e.
1686 3859 1705 3917 l.
1721 3859 1748 3916 l.
1760 3859 1779 3916 l.

390 3985 424 4024 n.
442 3962 528 4023 Bern.
542 3984 567 4028 1.
588 3969 640 4020 aru
659 3979 720 4017 om.
741 3960 837 4020 ceteri.
857 3977 956 4036 reteque
973 3975 1079 4036 vosque
1098 3957 1139 4016 ita
1158 3955 1424 4036 Cauio,.Wassius
1445 3970 1474 4020 et
1487 3965 1623 4044 vulgate,
1642 3962 1738 4024 Guell.
1753 3966 1778 4024 ὅ.

390 4067 459 4130 vin.
470 4088 496 4128 ι.
516 4078 546 4127 et
558 4065 609 4125 alii
620 4073 680 4124 tres
688 4063 822 4123 meliores
832 4059 936 4122 Curtii.
956 4079 1002 4120 ma
1015 4079 1121 4140 vosque
1139 4059 1255 4122 Gruter.
1269 4073 1298 4122 et
1318 4065 1422 4128 ιιιιὶοι.
1435 4063 1533 4125 Codd.
1543 4087 1617 4148 ,pars
1635 4065 1702 4151 Τις.
1722 4065 1778 4130 Bar.

391 4172 422 4246 A.
441 4170 664 4242 Tunomut'bua
678 4167 831 4228 ὂοιιίιάιιο
844 4165 932 4240 nivii,
953 4163 1088 4234 Caelia.
1109 4166 1223 4226 donet
1240 4165 1341 4233 Nazar.
1362 4187 1402 4233 tn.
1414 4189 1469 4232 sec.
1490 4170 1610 4230 &cedat
1629 4181 1685 4232 tres
1698 4171 1779 4230 Palat.

391 4296 469 4349 rpus
478 4277 592 4348 Wauii.
613 4273 675 4336 Bu.
687 4295 714 4334 ι.
728 4273 828 4339 ttuar.
838 4291 864 4334 ι.
884 4270 966 4334 teia.
975 4269 1005 4334 d.
1016 4291 1045 4352 g·
1056 4273 1081 4338 l·
1102 4269 1186 4335 Paris.
1201 4267 1231 4330 b.
1242 4291 1268 4334 c.
1278 4271 1312 4336 d.
1326 4273 1408 4334 decet
1421 4275 1517 4336 ceteri.
1528 4275 1632 4351 factm
1643 4274 1777 4340 atteia.
