3850 4867
1440 315 1530 426 185,

111 497 412 581 tionibus-locus
437 501 707 610 importunus:
731 501 807 580 iter
835 500 1131 583 castellanorum
1159 515 1365 610 angustum
1387 497 1519 582 arimo-

111 623 238 716 dum,
251 629 453 731 'utrimque
479 629 686 734 proecisum.
740 628 873 705 Vineae
900 657 992 706 oum
1012 627 1157 736 ingenti
1178 625 1349 732 periculo
1378 622 1517 700 frustra

110 749 349 852 agebantur3
371 781 466 830 nam
484 781 608 857 quum
625 777 678 830 ιω
706 751 884 856 paullum
900 769 1179 855 processerant,
1194 751 1278 856 ign-i
1291 767 1364 826 aut
1379 749 1518 854 lapidi·

112 872 184 950 bus
216 877 592 980 corrumpebantur:
616 875 756 952 milites
789 901 916 979 neque
933 903 1007 980 pro
1029 902 1143 981 opere
1174 875 1376 952 consistere
1402 899 1520 980 prop·

113 1011 173 1072 ter
192 998 444 1100 iniquitatem
462 1000 555 1091 loci,
580 1025 705 1103 neque
721 998 823 1074 inter
838 999 966 1074 vineas
985 999 1066 1075 sinc
1087 999 1260 1103 periculo
1279 997 1520 1076 administra·

114 1147 181 1194 m:
208 1138 395 1224 optumus
420 1123 583 1226 quisque
609 1124 744 1200 cadere
762 1139 833 1198 aut
859 1123 1052 1218 sauciari,
1076 1125 1207 1204 cereris
1234 1139 1356 1200 metus
1381 1121 1519 1228 augeri.

114 1246 163 1318 tt
177 1245 348 1336 Marius,
373 1246 504 1324 multis
521 1247 656 1330 diebus
670 1263 709 1324 et
728 1247 924 1326 laboribus
944 1250 1195 1353 consumptis,
1215 1247 1350 1323 anxius
1368 1243 1564 1332 trahereol

116 1394 207 1444 cum
237 1369 372 1444 animo
392 1395 485 1460 -suo,
516 1371 759 1448 omitteretne
783 1372 997 1476 inceptum,
1034 1373 1219 1477 quoniam
1246 1372 1387 1446 frustra
1416 1386 1521 1464 erat,

116 1517 166 1566 an
191 1491 397 1568 fortunam
427 1494 687 1598 opperiretur,
721 1522 798 1599 qua
819 1521 917 1600 saepe
942 1522 1120 1600 prospere
1139 1520 1237 1570 usus.
1279 1496 1376 1592 Quae
1396 1519 1521 1598 quum

117 1616 261 1691 multos
289 1617 368 1692 ‹lies
394 1635 598 1719 noctesque
626 1635 788 1694 estuans
818 1620 1001 1724 agitaret,
1025 1617 1123 1694 forte
1151 1617 1310 1721 quidam
1338 1618 1451 1723 Ligus
1476 1644 1521 1692 er

120 1738 347 1815 cohortibus
375 1741 583 1817 auxiliariis
616 1743 723 1818 miles
745 1745 950 1848 gregarius,
976 1743 1106 1818 castris
1129 1757 1319 1844 aquatum
1340 1766 1524 1845 egoessus,

119 1861 226 1939 baud
246 1865 387 1969 procul
410 1868 459 1939 ab
479 1865 597 1942 latere
619 1867 780 1958 castelli,
806 1867 913 1970 quod
941 1891 1116 1943 avorsum
1131 1865 1396 1970 praeliantibus
1423 1881 1523 1956 erat,

122 1990 299 2064 animum
323 1989 492 2065 advortit
519 1989 623 2063 inter
653 2015 740 2065 saxa
772 1991 937 2095 repentis
962 1989 1166 2078 cochleas:
1200 2015 1366 2092 quarum
1400 2015 1524 2092 quum

125 2137 243 2188 unam
263 2129 381 2213 atque
403 2112 579 2201 alteram,
600 2112 693 2188 dein
715 2114 843 2217 plures
864 2129 1024 2218 peteret,
1047 2113 1175 2190 studio
1199 2113 1354 2218 legundi
1375 2111 1523 2216 paulla-

126 2234 193 2308 tim
217 2262 342 2338 prope
365 2234 415 2308 ad
433 2261 626 2310 summum
652 2237 794 2312 montis
819 2263 981 2342 egressus
1012 2253 1075 2312 est.
1112 2237 1188 2310 Ubi
1211 2252 1414 2339 postquam
1436 2236 1524 2314 soli-

131 2358 305 2434 tudinem
320 2357 530 2450 intellexit,
544 2385 649 2435 more
664 2360 808 2466 ingenii
828 2359 1009 2452 humani,
1025 2359 1167 2464 cupido
1189 2360 1358 2436 difficilia
1376 2359 1525 2438 faciun-

130 2584 192 2624 cum
208 2582 322 2646 eopp.
342 2562 476 2624 Guelir.
497 2563 585 2644 lurp.
606 2563 667 2630 Bar.
682 2564 749 2638 hi·
767 2565 855 2646 plur
874 2565 959 2627 Bem.
973 2570 1002 2631 3.
1023 2584 1058 2625 ec
1073 2563 1139 2636 Seu.
1151 2586 1179 2625 ι.
1201 2564 1282 2627 Fabr.
1296 2585 1322 2625 ι.
1349 2565 1419 2649 Teg.
1438 2585 1526 2648 prou.

131 2689 188 2729 om.
206 2668 277 2731 Vin.
294 2691 320 2729 ι.
339 2670 457 2728 Martio.
477 2671 636 2740 erasuarin
650 2670 719 2736 Tur.
740 2670 820 2749 igni,
832 2669 865 2732 υἱ
876 2680 905 2730 et
920 2669 1053 2750 lunser.
1065 2689 1092 2728 ι.
1106 2669 1336 2749 Heuss.1‘gni,ui
1348 2680 1401 2732 aut
1416 2670 1527 2752 lapidi·

130 2773 236 2835 buseut
251 2775 321 2834 aliis
336 2773 419 2862 leid.
431 2793 463 2833 n.
481 2793 572 2854 propa
585 2773 739 2834 consistere
757 2775 826 2835 vin.
840 2796 865 2832 ι.
885 2776 947 2834 inc.
957 2796 982 2834 1.
1005 2774 1103 2835 Guell.
1115 2795 1126 2833 ι
1136 2795 1161 2835 ι.
1174 2795 1220 2840 ιι.
1240 2776 1366 2837 Berub.
1479 2815 1482 2820 -

209 2927 343 3010 Cappb.
365 2928 466 2987 animo
481 2923 544 2988 ruo.
563 2949 615 2989 suo
627 2950 688 2994 om.
705 2931 764 2994 inc.
776 2949 802 2988 ι.
822 2927 1044 3010 inceptionem.
1063 2924 1159 2987 Guell.
1178 2926 1207 2998 l.
1226 2947 1361 3009 prospere
1374 2932 1525 3008 usurjuc-

134 3045 178 3092 rot
196 3037 235 3095 ita
247 3035 357 3116 optimi
370 3044 399 3093 ct
411 3034 532 3112 plurimi
545 3031 624 3098 libri.
642 3055 782 3114 prospera
798 3033 865 3094 Ero.
890 3055 920 3094 ιι.
932 3042 1006 3097 erat.
1024 3031 1094 3093 Ecc.
1113 3031 1198 3092 ilem.
1219 3053 1244 3091 ι.
1265 3032 1344 3092 Leid.
1356 3033 1387 3092 h.
1413 3038 1526 3116 aliquot

136 3137 253 3198 Gruteri.
275 3137 459 3200 duoWassii.
480 3137 539 3196 Erl.
558 3137 627 3197 Tur.
648 3147 688 3197 est
707 3138 793 3198 Fabr.
807 3138 875 3221 Teg.
896 3137 1093 3198 unusWassii.
1113 3136 1233 3196 verbum
1252 3155 1312 3196 om.
1327 3138 1527 3200 uuus'Wassii.

137 3245 234 3305 oeultor
249 3246 311 3304 dics
325 3252 423 3302 noctes
440 3243 520 3302 vra.
533 3263 562 3302 ι.
590 3243 651 3302 dier
664 3243 708 3303 vel
726 3248 823 3303 noctes
851 3243 948 3301 Guels.
967 3243 996 3300 6.
1024 3239 1118 3320 Ligur
1136 3245 1221 3302 Vrat.
1235 3261 1261 3300 2.
1290 3241 1371 3323 Berg.
1393 3261 1525 3303 ovorum
1600 3311 1602 3317 ,

137 3348 198 3407 Seu.
213 3361 280 3410 1.et
295 3361 350 3408 tres
360 3348 411 3407 alii
426 3367 460 3406 ex
473 3346 556 3405 Cort.
576 3349 729 3406 adversum
753 3349 875 3427 plurimi
897 3347 975 3405 libri.
1001 3345 1127 3406 trivertit
1144 3346 1277 3405 animum
1291 3345 1387 3410 cuelt.
1405 3347 1433 3407 3.
1454 3347 1525 3407 oni-
1609 3425 1612 3428 Ι

141 3473 213 3512 ιιιιιιιι
226 3454 351 3518 advertit
370 3453 431 3511 Bas.
445 3473 470 3510 ι.
491 3451 574 3509 liem.
588 3473 613 3508 ι.
634 3451 781 3511 Commcl.
800 3452 900 3510 Narar.
920 3450 1032 3510 Fabric.
1044 3449 1131 3509 liivii.
1145 3469 1235 3508 unam
1251 3450 1376 3509 alteram
1391 3449 1525 3515 Gaetuli.

140 3561 258 3619 eccleis
277 3559 340 3618 Bas.
352 3580 377 3618 1.
398 3557 509 3617 cocleas
528 3556 589 3615 lias.
605 3557 634 3625 l.
655 3556 738 3614 bern.
756 3562 783 3618 ὅ.
804 3576 885 3615 more
903 3553 1029 3615 humani
1049 3553 1162 3633 ingenii
1177 3555 1281 3634 cupido
1300 3555 1527 3635 difficiliusoci-

141 3665 208 3722 ruli
220 3662 425 3723 animaduertit
446 3664 484 3720 ita
508 3664 566 3720 lere
582 3661 678 3720 codd.
699 3663 754 3719 nisi
771 3662 851 3741 quod
862 3662 900 3720 'in
920 3671 1067 3741 postremo
1087 3657 1175 3720 verbo
1198 3661 1369 3720 dissentiunt
1387 3662 1438 3721 cir.
1458 3661 1525 3724 Aut

142 3765 209 3828 Gen.
220 3793 248 3850 9.
267 3775 312 3832 ιδ.
339 3768 418 3828 Non.
435 3769 524 3826 Marc.
538 3788 565 3825 ι.
577 3767 646 3832 465.
666 3765 798 3824 animum
810 3766 896 3824 vertit
915 3765 1000 3826 'Fabn
1015 3785 1038 3822 ι.
1059 3763 1144 3824 Rem.
1174 3761 1234 3822 Bas.
1248 3786 1272 3828 ι.
1285 3766 1314 3836 A.
1341 3765 1408 3826 Sen.
1423 3767 1525 3828 Horat.

143 3871 233 3932 l'inar.
251 3897 276 3934 ι.
296 3875 375 3933 Vrat.
390 3871 453 3935 23.
476 3871 647 3941 Guels.a.l.
661 3893 688 3951 7.
705 3892 750 3930 ιι.
771 3875 869 3950 plures
877 3869 965 3934 Ririi.
985 3869 1053 3949 Teg.
1070 3868 1162 3926 utaris.
1174 3889 1199 3927 c.
1214 3869 1243 3928 d.
1264 3889 1314 3929 on.
1330 3871 1456 3931 advertit
1474 3870 1526 3934 Ac·

144 3972 218 4036 bern.
232 4001 255 4039 ι.
274 3980 354 4039 Iaeid.
366 3999 396 4042 n.
415 3975 558 4037 vertitrel
573 3974 697 4033 advertit
717 3978 803 4032 etiam
818 3977 950 4033 meliores
969 3973 1056 4032 Palat.
1077 3991 1127 4030 cu.
1145 3973 1281 4032 oeccndit
1299 3971 1403 4036 lianc.
1424 3977 1526 4038 insert.

146 4077 518 4146 Gurls.3.12.1.tid.k.m.
539 4079 597 4137 Erl.
619 4079 745 4137 intendit
766 4079 899 4136 deterior.
914 4078 1032 4141 Palatin.
1053 4097 1104 4136 an.
1119 4076 1191 4168 cepit
1213 4077 1309 4137 Gucll.
1322 4102 1350 4162 9.
1372 4079 1452 4164 llerg.
1474 4103 1524 4148 αιι,
1625 4097 1631 4112 “

146 4182 247 4249 intorti
265 4191 361 4250 Gucls.
381 4189 410 4246 6.
430 4184 534 4248 incasit
560 4182 748 4248 teid.t1.i.1.
769 4205 795 4242 a.
806 4183 835 4241 b.
848 4205 874 4242 c.
900 4182 1027 4242 ottcmlr't
1039 4181 1119 4250 leid.
1135 4183 1164 4240 d.
1186 4201 1240 4264 pro
1257 4184 1364 4264 mutuo
1383 4187 1483 4250 Vinar.
1497 4210 1524 4250 ι,

1078 4319 1129 4404 ³4
