3850 4867
368 328 393 376 X

369 481 458 589 gula
482 482 713 589 legerentur,
733 482 870 559 notavi.
913 482 1055 589 Magno
1075 480 1172 561 mibi
1202 484 1278 561 fuit
1296 485 1519 565 adiumento
1544 488 1770 595 nuperrima

369 608 552 684 Prisciani
576 607 709 700 editio,
737 634 854 713 qtmm
882 610 926 683 V.
950 610 997 683 D.
1022 608 1140 684 Krehl
1161 610 1365 715 evulgavit,
1391 625 1463 687 net
1483 640 1564 689 non
1584 614 1770 717 Exempla

368 732 631 809 elocutionum
650 760 696 807 ex
709 730 888 837 Virgilio,
907 732 1089 808 Cicerone
1103 750 1141 809 et
1164 734 1326 810 Salustio
1351 737 1546 841 exscripta,
1571 764 1657 841 quae
1677 738 1772 813 olim

369 856 587 933 Arrursiani
608 856 717 931 Messi
749 856 910 933 rhetoris
936 883 1012 933 esse
1043 859 1309 963 putabantur,
1342 888 1468 965 nuper
1498 879 1586 939 tero
1619 866 1667 937 ab
1692 867 1774 939 An·

371 982 453 1089 gelo
484 980 609 1072 Maio,
644 982 811 1056 Cornelii
841 982 1047 1058 Frontonis
1079 1010 1174 1088 opus
1202 1010 1278 1060 esse
1296 986 1397 1061 'satis
1426 986 1632 1063 luculentis
1660 1014 1775 1091 argu-

373 1105 508 1183 mentis
527 1106 819 1209 comprobatum
834 1123 896 1183 est
945 1110 1126 1183 Praeterea
1145 1134 1233 1212 quae
1247 1112 1306 1185 De
1317 1112 1481 1187 Brossius
1500 1113 1541 1186 in
1559 1112 1772 1187 doctissimo

271 1288 277 1303 .
371 1230 470 1307 libro
496 1230 749 1330 (Reipublicae
765 1232 949 1307 Romanoe·
967 1233 1142 1331 historia)
1168 1236 1367 1337 congessit,
1390 1236 1476 1311 usui
1496 1234 1593 1310 mihi
1607 1235 1772 1310 fuerunt

371 1356 442 1431 Sed
473 1356 682 1459 is'quoque
713 1355 917 1431 subditicio
941 1382 1013 1459 pro
1033 1355 1255 1433 Salustianis
1277 1357 1435 1449 habuit,
1461 1360 1568 1435 etde
1590 1388 1677 1434 vera
1698 1360 1771 1433 leo

373 1480 475 1555 tione
495 1506 633 1583 parum
648 1479 841 1569 sollicitus,
862 1480 901 1553 id
918 1480 1044 1557 solum
1070 1480 1235 1572 curavit,
1254 1499 1432 1586 utquam
1452 1484 1620 1588 plurima
1638 1509 1771 1586 conge-

372 1621 478 1679 reret.
516 1604 690 1707 Id‘quod
708 1612 789 1679 n'on
808 1603 850 1677 in
873 1620 1128 1707 campartem
1151 1622 1351 1710 acceptum
1371 1608 1502 1696 velim,
1528 1607 1637 1710 quasi
1658 1604 1772 1679 indu⁴

374 1730 505 1803 striam
523 1728 603 1803 eius
627 1728 902 1833 improbarem,
927 1728 993 1804 sed
1012 1756 1061 1803 ne
1082 1730 1168 1833 quis
1189 1728 1338 1806 incuria
1357 1732 1474 1837 magis
1490 1759 1610 1834 quam
1630 1730 1772 1807 iudicio

373 1854 517 1927 sactum
539 1870 668 1957 putet,
693 1852 798 1956 quod
823 1851 944 1928 multa
964 1845 1014 1927 ab
1035 1880 1080 1929 eo
1102 1853 1257 1929 laudata
1276 1856 1393 1931 omisi.

471 1978 729 2077 Epistolas'ad
752 1978 789 2053 C.
810 1980 1003 2053 Caesarem
1022 1978 1069 2051 cle
1086 1978 1290 2077 Republica
1312 1980 1538 2069 ordinanda,
1553 2003 1647 2081 quas
1662 1978 1772 2080 vulgo

372 2104 506 2177 incerti
529 2102 692 2177 auctoris
713 2129 788 2177 esse
803 2117 1026 2189 autumant,
1049 2100 1152 2177 hanc
1170 2103 1219 2177 ob
1238 2128 1391 2178 causam
1406 2102 1521 2177 simul
1536 2128 1626 2176 cum
1642 2100 1771 2175 oeteris

373 2225 525 2302 Salustii
542 2223 649 2300 libris
664 2224 782 2315 edidi,
808 2226 911 2328 quod
930 2218 1027 2301 mihi
1044 2226 1201 2330 quidem
1217 2243 1458 2331 argumenta,
1483 2226 1623 2329 quibus
1641 2250 1772 2299 earnm

373 2350 640 2425 auctoritatem
662 2348 940 2453 impugnarunt
959 2350 1199 2453 interpretes,
1217 2377 1357 2456 parum
1371 2350 1482 2425 firma
1495 2376 1570 2425 esse
1585 2349 1770 2423 videntur.

376 2474 596 2549 Cavendum
616 2472 682 2563 est,
698 2500 747 2547 ne
767 2472 1035 2549 Grammaticis
1049 2474 1146 2564 istis,
1167 2474 1403 2578 quicumque
1421 2474 1576 2549 tandem
1598 2472 1771 2560 fuerunt,

374 2600 542 2675 nimium
558 2599 778 2673 tribuamus.
815 2592 881 2673 Isti
901 2598 1006 2673 enim
1019 2599 1132 2675 rerba
1154 2614 1365 2689 sectantur,
1389 2597 1454 2674 sed
1472 2597 1615 2674 iudicio
1636 2624 1772 2701 parum

378 2725 511 2799 valent.
549 2723 619 2798 Sed
638 2723 733 2826 quid
754 2722 802 2797 de
819 2721 951 2798 haere
968 2723 1145 2813 sentiam,
1169 2723 1354 2827 peculiari
1374 2723 1694 2800 commentatione
1713 2748 1773 2797 ex·

375 2874 527 2952 ponam.
559 2848 613 2923 Ne
634 2852 830 2923 invectivas
844 2846 1019 2949 quidem,
1043 2872 1130 2950 quae
1147 2846 1348 2938 dicuntur,
1365 2846 1592 2924 omittendas
1612 2872 1687 2921 esse
1701 2846 1772 2921 du·

339 2980 343 2995 '
376 2975 429 3060 xi,
456 2998 536 3046 non
555 2997 633 3073 quo
653 2972 714 3044 eas
735 2996 757 3044 a
775 2971 955 3045 Cicerone
977 2986 1093 3072 atque
1115 2970 1277 3045 Salustio
1293 2972 1499 3073 composita
1519 2996 1594 3046 esso
1617 2952 1773 3044 conten·

375 3098 523 3183 darem,
548 3094 612 3169 sed
635 3093 801 3195 nequid
824 3092 1119 3180 desideraretur,
1143 3094 1248 3195 quod
1269 3092 1319 3167 ad
1341 3093 1516 3169 vitamet
1540 3118 1661 3167 mores
1686 3116 1774 3167 auc·

377 3222 466 3295 toris
482 3217 725 3293 illustrandos
749 3216 962 3319 pertineret.
1043 3206 1047 3213 ¹

475 3339 800 3448 Ortbographiam
819 3340 923 3443 quod
945 3340 1091 3431 attinet,
1112 3341 1340 3444 plerumque
1361 3339 1547 3415 Codicum
1573 3339 1774 3423 meliorum

376 3468 645 3543 auctoritatem
662 3482 810 3541 secutus
829 3491 922 3539 sum.
967 3466 1065 3540 Cum
1093 3491 1180 3539 vero
1210 3465 1269 3539 vel
1294 3463 1429 3568 optimi
1456 3462 1547 3537 libri
1568 3462 1643 3537 hac
1664 3462 1705 3546 in
1734 3488 1775 3537 re

376 3619 514 3696 parum
531 3592 602 3665 sibi
627 3589 879 3678 constiterint,
907 3587 1115 3679 nonnulla,
1139 3613 1227 3691 quoe
1247 3587 1396 3663 Cortius
1416 3603 1624 3689 receperat,
1650 3586 1778 3661 inritis

379 3716 485 3814 libris
500 3714 661 3802 retinui,
677 3740 726 3788 ne
745 3712 926 3789 Salustius
940 3728 1092 3818 gratum
1105 3712 1221 3787 istum
1236 3710 1405 3813 antiquae
1418 3710 1600 3786 orationis
1612 3711 1777 3787 colorem

378 3839 575 3913 amitteret.
630 3834 757 3914 Multa
778 3836 953 3939 quidem,
978 3864 1007 3911 e.
1028 3865 1082 3943 gr.
1105 3836 1267 3921 tabido,
1291 3854 1463 3920 aeswmo,
1488 3841 1684 3920 exismrno,
1714 3862 1777 3933 op-

379 3984 511 4047 tumus,
537 3986 749 4046 erueremus,
775 3963 927 4063 ‘volgum
948 3960 1142 4047 adversm,
1166 3960 1399 4056 adolescere.
1424 3985 1654 4059 proxumus,
1672 3959 1778 4060 faci·

379 4088 531 4169 undnnr‚
547 4088 589 4160 dt
613 4087 628 4183 (
635 4086 690 4160 dii
696 4087 732 4185 )‚
757 4093 837 4190 qztis
850 4084 1090 4188 (quibus)et
1112 4084 1187 4159 alia
1209 4080 1473 4158 huiuscemodi
1492 4081 1627 4185 saepius
1649 4081 1690 4155 in
1709 4108 1777 4158 an-

379 4212 588 4317 tiquissimo
615 4210 733 4301 libro,
764 4210 962 4286 Basileensi
990 4207 1118 4315 primo
1148 4208 1307 4310 aliisque
1329 4207 1468 4311 passim
1495 4221 1647 4281 exarata
1667 4220 1777 4301 sunt,
