3850 4867
386 342 430 411 18

378 531 622 607 acutissimus.
651 530 730 626 Qui
749 530 905 633 quidem
922 531 1021 606 liber
1038 556 1136 605 num
1150 556 1172 605 a
1186 531 1377 635 prioribus
1389 533 1597 611 editoribus
1615 536 1768 610 'collatus

376 646 438 737 sit,
452 648 629 750 equidem
643 646 788 738 nesci03
800 648 867 749 qui
886 648 991 725 enim
1004 642 1206 743 mr’iiodxv
1219 650 1299 725 cod.
1317 651 1525 725 Vaticanus
1544 650 1696 741 dieitur,
1708 678 1770 725 cu·

376 764 513 867 jusque
541 763 689 865 aliquot
708 762 885 839 lectiones
910 766 951 839 in
974 765 1220 841 historiarum
1242 766 1461 871 fragmentis
1484 765 1660 855 laudavi,
1685 794 1769 841 cum

377 877 452 953 hoc
475 878 575 951 libro
597 878 718 951 rarius
734 880 930 953 consentit
967 879 1261 985 Orthographiae
1281 882 1451 982 antiquae
1470 882 1519 956 ab
1547 880 1658 956 initio
1679 908 1769 984 pau·

378 1020 422 1069 ca
453 994 619 1097 vestigia,
644 994 709 1070 sed
728 994 799 1067 sub
831 993 946 1069 finem
967 996 1079 1100 plura
1106 998 1297 1101 leguntur.
1346 1001 1400 1071 Ea
1424 1026 1503 1073 non
1537 997 1662 1072 solum
1684 997 1771 1071 scri·

378 1108 495 1183 bendi
509 1110 710 1197 rationem,
722 1135 808 1211 quae
820 1111 934 1215 vulgo
943 1113 1155 1188 Salustiana
1169 1112 1327 1203 dicitur,
1338 1113 1586 1201 confirmant,
1596 1112 1661 1187 sed
1675 1110 1771 1185 mul·

379 1240 417 1300 to
437 1222 693 1301 horridiorem
709 1226 886 1328 primitus
901 1227 1159 1303 Salustianum
1179 1256 1390 1303 sermonem
1407 1228 1519 1301 fuisse
1540 1226 1770 1329 eandemque

378 1369 496 1445 quam
516 1342 668 1416 Catonis
695 1340 894 1444 Origenes,
915 1342 1119 1417 verborum
1139 1344 1378 1447 asperitatem
1400 1341 1587 1433 retulisse,
1612 1342 1771 1415 testimo-

379 1458 445 1533 nio
465 1474 564 1533 sunt
609 1460 699 1531 Haec
720 1456 823 1531 enim
853 1483 874 1531 a
910 1455 1067 1533 librario
1094 1461 1301 1565 excogitata
1327 1457 1438 1533 fuisse
1471 1456 1534 1531 vix
1564 1455 1770 1531 credideris

380 1576 479 1651 Cum
501 1574 567 1649 hic
595 1573 693 1648 liber
721 1570 965 1651 hauddubie
996 1574 1148 1681 optimis
1175 1574 1396 1649 Salustianis
1417 1572 1620 1648 Codicibus
1642 1571 1771 1647 adnu-

379 1690 583 1765 merandus
598 1691 655 1780 sit,
675 1717 764 1769 eum
784 1716 873 1767 cum
890 1716 975 1769 mea
998 1689 1166 1768 editione
1185 1690 1464 1766 accuratissime
1482 1688 1631 1765 contuli
1650 1703 1690 1763 et
1712 1711 1773 1761 ra·

380 1806 519 1881 riantes
544 1806 722 1885 lectiones
742 1831 869 1881 omnes
894 1805 1033 1884 notavi.

602 1992 733 2067 Oratio
761 1992 934 2065 Catilinae
959 1989 1062 2089 apud
1088 1990 1315 2091 conjurator.
1349 1989 1452 2093 (cap.
1475 1988 1557 2087 ao.)

459 2134 647 2215 Nequiquam
669 2165 688 2178 -
710 2135 847 2211 malaque
868 2152 928 2190 esse
944 2132 1075 2190 intellexi
1095 2162 1114 2178 ·
1141 2133 1234 2211 magis
1253 2131 1405 2213 magisque
1427 2133 1543 2190 animus
1563 2160 1583 2176 ·
1600 2125 1739 2188 condicio
1757 2154 1775 2170 ·

380 2232 554 2311 nosmetipsi
574 2262 593 2276 -
613 2230 761 2288 dicionem
779 2229 852 2287 boni
868 2239 957 2307 atque
975 2229 1088 2286 strenui
1107 2257 1127 2274 ·
1146 2226 1262 2285 nobiles
1285 2237 1315 2285 et
1338 2227 1484 2308 ignobiles
1503 2258 1523 2273 -
1540 2229 1643 2307 volgus
1666 2224 1774 2282 luimus

381 2326 423 2407 (u
440 2350 480 2386 m.
493 2324 569 2405 sec.)
584 2356 602 2373 ·
623 2326 659 2386 iis
679 2324 799 2384 obnoxii
819 2356 838 2371 -
857 2326 989 2402 pericula
1006 2327 1136 2403 repulsas
1155 2356 1175 2370 -
1203 2344 1222 2381 o
1241 2326 1393 2383 fortissimi
1413 2326 1469 2382 riri
1489 2324 1677 2403 -ingenium
1696 2328 1739 2379 est
1758 2348 1778 2365 ··

381 2424 498 2485 divitias
514 2444 580 2483 suas
592 2422 708 2483 vincere
727 2454 746 2470 -
764 2418 1029 2502 Expergiscimini!
1049 2421 1117 2495 illa,
1131 2421 1184 2477 illa
1203 2450 1223 2467 ·
1240 2441 1292 2482 vos
1304 2422 1462 2485 hortentur
1480 2452 1500 2467 -
1518 2418 1656 2479 utemim.

769 2590 807 2665 C.
833 2590 971 2681 Manlii
994 2588 1177 2663 mandata„
1203 2588 1304 2690 (cap.
1329 2586 1402 2683 33.)

464 2740 678 2798 Feneratorum
703 2732 838 2814 plerique
859 2732 957 2812 patria
976 2762 995 2779 ··
1014 2700 1150 2791 nostrum
1175 2729 1316 2810 cuiquam
1336 2758 1355 2774 -
1373 2730 1499 2803 majores
1512 2719 1600 2781 vestri
1620 2749 1639 2766 -
1657 2715 1741 2799 plebs
1760 2746 1780 2762 -

382 2856 454 2897 nove
476 2832 563 2893 nobis
582 2852 656 2891 eam.

658 2950 788 3025 Oratio
817 2948 855 3023 C.
883 2947 1044 3024 Caesaris
1069 2954 1107 3022 in
1130 2948 1275 3023 &nana
1302 2943 1407 3045 (cap.
1433 2938 1514 3037 δι.)

462 3098 543 3158 liant
561 3096 646 3155 facile
666 3124 685 3141 -
705 3111 769 3171 qua
782 3110 862 3171 reges
880 3122 900 3136 -
919 3093 1134 3150 consuluerunt
1152 3120 1171 3133 -
1191 3084 1270 3167 apud
1289 3106 1341 3145 vos
1362 3086 1461 3143 valent
1479 3112 1499 3127 -
1518 3075 1651 3159 adprobo
1672 3092 1783 3153 exupe-

381 3210 428 3261 rat
446 3224 465 3245 ··
484 3194 661 3257 sententiam
681 3188 818 3247 dixerunt
836 3218 856 3232 -
875 3196 957 3245 atrox
977 3208 1039 3244 non
1057 3194 1208 3263 permovet
1227 3214 1246 3230 -
1266 3182 1362 3241 oratio
1384 3176 1520 3237 accendit
1537 3207 1557 3223 -
1576 3194 1631 3255 ego
1650 3170 1783 3230 sicexis-

383 3270 457 3357 timo
473 3329 492 3342 -
512 3291 669 3373 presertim
692 3284 847 3364 diligentia
866 3314 886 3329 -
904 3282 936 3339 in
953 3282 1042 3339 armis
1055 3282 1116 3339 sint
1133 3312 1152 3325 -
1172 3300 1292 3359 possum
1309 3274 1446 3356 equidem
1467 3306 1486 3321 ··
1506 3274 1537 3331 in
1557 3270 1702 3329 sententia
1716 3285 1783 3325 non

383 3392 523 3451 addidisti
543 3421 562 3434 -
582 3388 664 3467 prius
685 3384 718 3441 in
741 3401 789 3439 eos
810 3377 978 3439 verberibus
1001 3376 1133 3435 animad.
1153 3406 1172 3422 -
1202 3395 1287 3457 grave
1307 3385 1351 3433 est
1369 3404 1389 3419 -
1407 3374 1499 3431 levius
1516 3380 1559 3429 est
1578 3399 1597 3415 -
1616 3365 1703 3425 rebus
1723 3363 1783 3422 bo-

384 3490 431 3546 nis
454 3497 517 3544 orta
538 3516 556 3530 -
576 3484 693 3563 ignaros
712 3484 774 3555 cjus
794 3508 812 3523 ·
833 3477 854 3532 ii
877 3477 977 3555 primo
996 3506 1015 3519 -
1040 3474 1161 3531 initium
1185 3492 1298 3551 magne
1316 3502 1336 3517 -
1360 3469 1486 3528 atisin
1505 3464 1740 3545 proscriptorum
1764 3491 1785 3505 -

384 3578 591 3645 circumveniri
610 3608 629 3623 -
649 3595 703 3655 ego
725 3572 803 3631 banc
825 3592 942 3631 causam
962 3602 981 3615 -
1002 3577 1098 3647 major
1117 3568 1178 3627 illis
1191 3568 1257 3625 luit.

667 3736 797 3811 Oratio
825 3736 862 3807 C.
891 3734 1040 3807 Catonis
1063 3736 1100 3803 in
1124 3730 1268 3804 Senatu
1294 3726 1396 3829 (cap.
1413 3723 1486 3812 52.)

460 3883 540 3941 Haut
563 3878 647 3937 facile
667 3908 686 3924 -
706 3875 921 3956 neglegentiam
942 3906 961 3918 -
988 3870 1050 3929 haec
1074 3877 1278 3947 cujuscunque
1308 3898 1326 3913 -
1355 3886 1392 3923 ne
1404 3845 1458 3922 'illi
1477 3862 1652 3942 sanguinem
1672 3891 1691 3907 -
1710 3880 1784 3939 opes

386 3983 514 4043 minores
537 3984 607 4035 sunt
625 4006 644 4021 -
664 3974 750 4051 eopia
774 3992 861 4050 quam
887 3970 946 4026 illis
968 3979 1010 4026 est
1029 4000 1048 4014 -
1076 3967 1111 4024 ad
1132 3966 1244 4023 bellum
1264 3970 1416 4020 accersunt
1435 3990 1454 4005 -
1474 3958 1533 4016 dux
1555 3956 1687 4015 bostium
1711 3976 1783 4014 eum

386 4078 511 4142 exercitu
531 4090 619 4149 supra
649 4079 740 4149 eaput
760 4076 802 4125 est
820 4065 1003 4143 -deprensis
1025 4063 1160 4123 hostibus
1180 4094 1200 4107 -
1220 4058 1400 4118 miseremini
1419 4076 1523 4114 censeo
1543 4086 1561 4101 -
1579 4054 1612 4110 in
1632 4052 1784 4110 miseriam

386 4179 537 4241 convertat
556 4198 575 4213 -
593 4166 731 4229 videlieet
745 4165 791 4223 dis
815 4161 1035 4222 immortalibus
1055 4193 1075 4207 -
1093 4158 1226 4238 Caepario
1245 4188 1264 4207 ·
1288 4164 1319 4215 et
1334 4155 1386 4215 alii
1407 4154 1486 4214 intra
1505 4183 1524 4201 -
1550 4162 1639 4232 atque
1659 4150 1692 4211 in
1712 4151 1786 4211 sinu

385 4289 457 4342 mni
475 4307 494 4323 .
513 4269 629 4327 occulto
642 4274 739 4345 potest
759 4294 777 4310 -
799 4262 879 4342 iique
897 4257 1011 4319 indicio
1030 4256 1065 4317 Τ.
1082 4256 1228 4321 Vulturci.
