3850 4867
385 302 454 374 180

378 478 545 583 ‘tissumis
570 479 709 558 ani‘mit
734 481 942 586 excipitur,
969 481 1078 585 pl'ebi'
1101 483 1372 587 patribusque,
1398 497 1605 588 postquam
1629 479 1773 556 i'nvidia

381 602 608 694 decesserat,
643 599 748 680 iuita
774 631 892 710 carus.
939 605 1011 680 Sed
1031 607 1175 681 Marius
1203 608 1362 712 impigre
1384 607 1670 710 prudenterque
1691 627 1776 677 suo-

381 753 469 801 rum
488 743 527 801 et
539 725 708 802 bostium
727 754 791 802 res·
808 728 952 832 pariter
970 729 1426 834 adtendam-cognoscere
1445 729 1539 834 quid
1552 728 1652 803 boni·
1666 726 1778 801 utris¹

380 876 456 953 que
471 867 539 925 aut
555 842 692 927 contra
711 867 820 944 etset3
843 851 1039 955 explorare
1058 851 1194 927 itinera
1216 879 1364 958 regum,
1384 854 1540 929 consilia
1563 869 1601 928 et
1623 849 1782 925 insidias

379 975 513 1049 eorum
530 975 767 1050 antevenire:
782 974 1000 1078 nihilaptrd
1021 987 1059 1049 s'e
1075 976 1268 1050 remissum
1288 1003 1413 1079 neque
1427 977 1531 1079 apud
1549 974 1633 1049 illos
1650 990 1780 1070 tutum

380 1098 471 1201 pati:
505 1100 640 1200 ltaque
677 1113 715 1172 et
742 1098 911 1172 Gaetulos
941 1115 979 1172 et
1005 1097 1229 1202 Iugurtham
1257 1127 1304 1174 ex
1329 1100 1438 1175 sociis
1470 1099 1608 1174 nostris
1632 1087 1780 1200 praedas

381 1237 529 1325 agentes
554 1247 651 1323 saepe
671 1221 863 1326 adgressus
880 1221 922 1296 in
950 1220 1086 1296 itinere
1110 1221 1277 1312 fuderat,
1300 1209 1509 1327 ipsumque·
1527 1215 1652 1326 rege'm
1672 1218 1780 1294 haud

379 1343 518 1448 procul¹
544 1345 594 1417 ab
613 1344 755 1446 oppido
784 1346 887 1420 Cirta
914 1344 1027 1418 armis
1047 1327 1208 1420 exuerat
1258 1346 1355 1442 Quae
1381 1363 1582 1450 postquam
1614 1345 1778 1449 gloriosa

379 1467 494 1542 modo
517 1493 642 1572 neque
664 1467 755 1542 belli
773 1467 952 1571 patrandi
973 1468 1165 1571 cognovit,
1192 1469 1326 1544 statuit
1345 1470 1478 1558 urbes,
1502 1469 1782 1571 quae-virisaut

381 1591 464 1665 loco
487 1616 559 1698 pro
578 1587 748 1665 hostibus
767 1607 805 1665 et
820 1589 1022 1664 advorsum
1041 1615 1080 1664 se
1103 1592 1443 1692 opportunissumae
1462 1608 1587 1683 erant,
1611 1591 1782 1696 singulas
1900 1608 1901 1615 ’

380 1706 676 1819 circumvenire:
702 1715 755 1788 ita
771 1713 996 1819 Iugurtham
1022 1729 1090 1788 aut
1113 1697 1294 1817 presidiis
1318 1715 1532 1804 nudatum,
1556 1715 1652 1789 siaa
1674 1729 1783 1818 pate·

379 1854 514 1926 retur,
531 1853 600 1912 aut
620 1836 752 1940 praelio
777 1853 1019 1911 certaturum.
1056 1839 1152 1910 Nam
1174 1836 1341 1913 Bocchus
1358 1829 1520 1913 nuncios
1540 1837 1590 1912 ad
1611 1864 1700 1912 eum
1714 1863 1784 1913 εω-

380 1989 429 2068 pe
453 1961 621 2051 miserat,
644 1960 741 2034 velle
757 1959 892 2062 populi
912 1939 1081 2033 Romani·
1096 1959 1324 2051 amicitiam
1340 1989 1389 2036 ne
1411 1961 1506 2064 quid
1523 1961 1572 2034 ab
1586 1987 1625 2036 se
1642 1959 1783 2035 hostile

380 2087 535 2162 timeret.
572 2085 617 2160 Id
632 2082 938 2172 simulaveritne‚
963 2108 1041 2183 quo
1073 2081 1296 2184 improvisus
1323 2085 1471 2186 gravior
1495 2084 1702 2173 accideret,
1729 2111 1781 2158 an

380 2211 593 2314 mobilitate
615 2207 757 2312 ingenii
778 2233 910 2309 pacem
926 2220 1042 2306 atque
1064 2203 1208 2278 bellum
1230 2223 1378 2281 mutare
1399 2209 1542 2296 solitus,
1564 2231 1702 2310 parum
1716 2233 1782 2282 ex·

335 2353 373 2429 89
382 2320 575 2441 ploratum
593 2347 656 2407 est
695 2330 767 2405 Sed
789 2311 947 2418 Consul,
972 2327 1030 2403 uti
1051 2344 1252 2417 statuerat,
1278 2329 1418 2432 oppida
1439 2330 1667 2431 castellaque
1694 2357 1779 2405 mu-

384 2459 464 2532 nita
484 2457 606 2530 adire:
625 2453 768 2559 partim
789 2452 844 2540 vi,
870 2451 944 2524 alia
967 2467 1072 2525 metu
1091 2467 1159 2524 aut
1178 2454 1333 2553 praemia
1359 2452 1582 2527 ostentando
1608 2467 1780 2528 avortere

384 2581 434 2653 ab
451 2579 629 2682 hostibus.
666 2582 720 2651 ilc
736 2576 859 2679 primo
877 2572 1079 2647 mediocria
1100 2575 1267 2675 gerebat,
1286 2574 1531 2666 existumans,
1552 2574 1780 2679 Iugurthain

386 2703 435 2777 ob
455 2726 540 2776 suos
560 2699 738 2778 tutandos
762 2699 805 2776 in
825 2721 961 2774 manus
986 2711 1200 2772 venturum
1236 2697 1307 2774 Sed
1327 2699 1396 2776 ubi
1415 2699 1526 2776 illum
1548 2699 1696 2802 procul·
1710 2699 1779 2774 ab.-
1901 2693 1902 2700 '

376 2955 384 2966 .
457 2902 530 2983 Cap.
541 2905 590 2966 88.
618 2900 761 2982 arcebitur
779 2899 859 2966 Leid.
875 2899 904 2958 d.
923 2900 959 2965 k.
980 2895 1056 2964 Rivii
1071 2899 1148 2972 libri,
1164 2919 1264 2966 omncs
1281 2901 1383 2968 Cortii.
1404 2900 1548 2981 coemitur
1567 2900 1682 2966 Gruter.
1703 2899 1777 2960 Har.
1892 2930 1893 2942 ι

383 3016 480 3092 plures
493 3009 572 3080 leid.
592 3008 653 3078 Bas.
671 3029 695 3065 1.
720 3027 775 3086 pro
787 3006 864 3067 varia
876 3008 943 3064 lect.
965 3004 1025 3062 Bas.
1035 3005 1062 3074 l.
1091 3004 1203 3063 inaiclio
1213 3005 1381 3070 discesserat
1402 3009 1485 3066 Vrat.
1505 3027 1529 3076 ι.Ι
1550 3008 1623 3066 Vin.
1639 3028 1666 3066 a.
1687 3005 1777 3066 lead.
1889 3049 1891 3087 3

382 3117 493 3178 Fabric.
510 3113 654 3190 acuar.
665 3134 691 3192 7.
704 3133 733 3190 9.
750 3131 795 3169 ιι.
816 3111 897 3192 Berg.
918 3108 1074 3187 quidboni
1086 3110 1231 3188 utriusque
1251 3109 1312 3168 Bas.
1327 3132 1352 3168 1.
1373 3111 1468 3170 Sonat.
1486 3131 1512 3169 r.
1542 3113 1643 3171 incert.
1660 3131 1688 3171 ι.
1708 3111 1775 3174 Ecc.

383 3225 479 3286 Guelf.
504 3244 528 3280 ι.
550 3218 748 3295 nutriesque
766 3214 878 3275 Fabric.
899 3213 1022 3272 imidios
1037 3232 1137 3278 eorum
1156 3233 1242 3292 pron.
1264 3232 1323 3276 om.
1345 3215 1449 3278 Vinar.
1470 3235 1495 3274 ι.
1519 3221 1620 3276 hano.
1638 3217 1777 3296 predam

381 3339 498 3406 agentes
516 3327 590 3384 Vin.
611 3322 695 3380 Fabr.
715 3319 796 3400 Berg.
815 3320 899 3377 Vrat.
913 3337 938 3379 1.
958 3318 1025 3376 Son.
1040 3336 1066 3376 a.
1088 3316 1187 3375 Heusr.
1208 3315 1304 3376 Guell.
1322 3338 1348 3378 a.
1365 3339 1410 3377 ιο.
1430 3320 1540 3384 Leid.s.
1565 3341 1642 3380 unus
1657 3321 1774 3396 Wassii,

380 3433 472 3502 Basa
501 3431 618 3509 predas
636 3433 752 3504 agentes
773 3423 867 3482 ceteri.
892 3422 1044 3499 adgressus
1068 3419 1190 3491 itinero,
1209 3423 1249 3480 ita
1269 3421 1408 3482 Gruterus
1425 3445 1457 3482 ex
1483 3425 1573 3486 tribus
1595 3424 1775 3486 melioribus.

382 3536 492 3608 Fabric.
513 3503 579 3592 ben.
594 3554 618 3591 1.
639 3531 735 3589 Guell.
750 3550 774 3592 ι,
789 3549 834 3592 ιο.
854 3528 934 3587 Ιιείἀ.
948 3549 975 3585 a.
991 3527 1020 3585 d.
1035 3527 1055 3585 l.
1071 3547 1100 3584 n.
1122 3526 1182 3585 dno
1195 3527 1308 3586 Wassii.
1329 3528 1362 3585 in
1376 3527 1479 3588 itinere
1494 3531 1594 3590 ceteri.
1611 3549 1675 3609 quta
1692 3541 1774 3610 post·

371 3655 470 3717 'quom
482 3637 611 3717 gloriosa
619 3638 711 3712 sacta
723 3642 791 3692 sarr!
798 3672 809 3704 ,
830 3651 919 3710 neque
938 3629 1005 3690 belli
1013 3628 1165 3710 patrandi
1177 3627 1292 3710 copiam
1308 3631 1446 3712 cognovit
1466 3633 1506 3691 ita
1522 3633 1605 3695 Faba.
1623 3655 1648 3693 ι.
1669 3635 1773 3696 Vinar.

381 3743 466 3807 Bern.
481 3743 509 3802 3.
531 3745 631 3803 Fraus.
652 3741 736 3802 Vrat.
751 3757 776 3800 ι,
796 3736 892 3795 Guels.
905 3754 972 3814 a.9.
987 3755 1031 3792 ιι.
1061 3735 1146 3792 itaet
1165 3732 1277 3815 Berger.
1297 3735 1393 3796 senat.
1407 3755 1435 3795 2.
1454 3735 1554 3802 lleuaa.
1577 3737 1772 3819 Guell9.1o.

261 3853 264 3856 ’
382 3850 437 3908 nisi
452 3846 634 3928 quodmodo
650 3844 814 3924 postfacto
828 3848 896 3900 saort
914 3837 1038 3898 addunt.
1057 3837 1134 3916 glor.
1148 3839 1421 3901 modo-eremitae
1439 3843 1468 3912 l.
1489 3843 1578 3904 modo
1590 3845 1681 3921 saeta
1704 3853 1771 3912 suat

380 3953 479 4016 laida
490 4001 498 4019 .
509 3954 531 4012 f.
544 3952 563 4009 i.
575 3971 616 4007 m.
638 3967 702 4025 qna
711 3954 863 4026 postquam
876 3942 1005 4021 glorioso
1022 3943 1111 4002 modo
1131 3961 1222 4020 neque
1233 3953 1288 4002 otc.
1308 3945 1376 4005 Seu.
1389 3965 1415 4004 1.
1435 3944 1518 4006 Leid.
1529 3967 1556 4005 a.
1565 3947 1600 4006 b.
1614 3946 1645 4006 d.
1655 3968 1680 4007 e.
1694 3969 1723 4031 g.
1736 3945 1769 4010 b.

382 4058 410 4117 la
431 4061 454 4116 la
466 4077 497 4121 n.
523 4055 611 4115 acad.
640 4050 750 4116 Fabrio.
769 4071 795 4108 a.
816 4051 874 4110 inc.
894 4047 978 4114 llam.
990 4067 1029 4116 a,
1054 4046 1150 4105 Guelf.
1163 4046 1233 4122 M,
1243 4071 1270 4128 7.
1283 4049 1311 4109 6.
1320 4071 1337 4116 ,ι
1345 4069 1372 4110 a.
1400 4050 1516 4130 copiam
1535 4071 1597 4111 om.
1616 4054 1721 4113 Vinar.
1742 4074 1766 4114 1.

380 4162 460 4224 teid.
476 4182 503 4221 a.
518 4158 546 4224 b.
560 4181 585 4218 c.
600 4179 626 4217 e.
641 4179 669 4238 g.
680 4177 720 4214 m.
741 4153 803 4212 aa.
818 4172 843 4210 ι.
862 4150 947 4214 bern.
960 4171 986 4208 ι.
1007 4149 1075 4208 Tur.
1096 4148 1241 4208 accideret
1269 4152 1353 4222 Faba.
1372 4175 1396 4215 r.
1416 4153 1610 4232 FrancNaz.⁴
1628 4155 1765 4232 Palatini,

380 4269 507 4351 aliquot,
527 4281 600 4349 quos
614 4255 863 4333 Urtiuualaudal,
886 4255 972 4324 raab.
989 4253 1018 4314 d·
1037 4253 1160 4334 gravior
1179 4254 1299 4326 Harae.
1310 4255 1400 4328 ted.
1420 4255 1592 4342 lenham.
1605 4279 1638 4327 a.
1650 4324 1654 4332 ,
1666 4259 1780 4328 Basa:
