3850 4867
1528 343 1595 441 137

197 509 363 614 proinde
389 512 515 615 parati
550 510 765 617 intentique
795 530 917 590 essem
944 512 1052 620 siguo
1075 513 1165 591 dato
1184 515 1372 592 Romanos
1395 515 1597 593 invadere:

199 632 316 711 illum
336 635 441 712 diem
465 653 535 712 aut
563 638 686 713 omnis
713 636 860 712 labores
896 653 935 712 et
965 637 1139 714 victorias
1158 639 1495 728 confirmaturum,
1528 657 1598 716 aut

197 783 468 835 maxumarum
481 787 741 836 aerumnarum
763 760 919 836 initium
934 760 1023 835 fore
1056 760 1116 835 'Ad
1129 757 1202 836 boc
1217 762 1377 853 viritim,
1390 765 1448 838 uti
1466 791 1597 867 quem

198 909 278 986 que
297 885 347 959 ob
369 884 534 960 militare
550 885 699 960 facinus
723 883 887 987 Ρεοιιιιίο
905 896 974 959 aut
994 883 1140 960 honore
1154 887 1354 976 extulerat,
1380 913 1599 966 commoue-

197 1005 324 1082 faeere
343 1006 518 1083 beneficii
546 1007 606 1082 sui
627 1023 666 1082 et
688 1033 777 1081 eum
800 1007 926 1110 ipsum
946 1007 1031 1090 aliis
1058 1024 1270 1084 ostentare:
1295 1027 1502 1113 postremo,
1523 1039 1596 1117 pro
1653 1086 1655 1092 ,

198 1130 387 1237 omnaque
404 1130 578 1237 ingenio,
602 1129 843 1235 pollicendo,
860 1130 1094 1222 minitando,
1115 1132 1356 1223 obtestando,
1382 1135 1503 1210 alium
1520 1137 1597 1220 alio

196 1255 315 1332 modo
340 1255 528 1335 excitare:
559 1281 650 1330 cum
678 1254 833 1329 interim
857 1254 1051 1344 Metellus,
1076 1254 1230 1359 ignarus
1251 1254 1441 1347 hostium,
1466 1275 1597 1336 monte
1674 1307 1676 1314 ·

199 1377 422 1483 degrediens
445 1405 536 1454 cum
553 1378 721 1454 exercitu
738 1376 990 1480 conspicitur3
1013 1377 1138 1480 primo
1158 1378 1317 1470 dubius,
1339 1380 1527 1482 quidnam
1538 1383 1598 1457 in·

196 1502 310 1578 solita
341 1503 456 1578 facies
485 1501 721 1591 ostenderet,
756 1499 872 1606 (nam
904 1501 1007 1575 inter
1031 1500 1194 1604 virgulta
1229 1503 1319 1605 equi
1346 1504 1598 1608 Numidaeque

195 1625 465 1715 consederant,
490 1651 616 1728 nequo
644 1623 760 1729 plane
781 1622 967 1698 occtdtari
993 1618 1214 1698 humilitate
1237 1627 1444 1718 arborum,
1477 1645 1516 1702 et
1543 1643 1598 1702 ta·

197 1777 291 1826 men
310 1750 468 1840 incerti,
494 1748 683 1852 quidnam
704 1762 813 1840 esset3
845 1773 970 1848 quum
996 1762 1136 1821 natura
1169 1747 1262 1840 loci,
1295 1765 1380 1824 tum
1406 1750 1495 1827 dolo
1524 1751 1597 1860 ipsi

197 1888 317 1978 atque
348 1872 455 1978 signa
483 1871 665 1946 militaria
691 1864 910 1968 obscurati)
922 1895 934 1962 3
970 1868 1078 1961 dein,
1101 1872 1207 1947 brevi
1232 1873 1391 1977 cognitis
1422 1874 1596 1969 insidiis,

196 1996 410 2104 paullisper
432 2021 569 2104 agmen
595 1995 811 2089 constituit;
842 1994 899 2068 ibi
925 1992 1167 2068 commutatis
1201 1994 1417 2085 ordinibus,
1437 1997 1486 2090 in
1508 1997 1597 2074 dex·

197 2139 264 2199 tro
282 2121 415 2213 latere,
439 2118 546 2226 quod
563 2144 796 2223 proxumum
812 2115 930 2192 hostis
945 2133 1047 2208 erat,
1071 2117 1287 2221 triplicibus
1310 2119 1486 2194 subsidiis
1518 2120 1597 2196 aci·

197 2273 264 2324 em
287 2245 490 2322 instruxit:
514 2243 616 2318 inter
631 2240 850 2345 manipulos
866 2239 1080 2316 funditores
1100 2255 1139 2316 ct
1157 2239 1366 2345 sagittarios
1401 2242 1599 2347 dispertit:

195 2369 417 2474 equitatum
437 2393 591 2443 omnem
613 2365 656 2441 iu
679 2362 861 2440 comibus
878 2363 1005 2440 locat:
1031 2389 1076 2438 ac
1094 2389 1217 2468 pauca
1242 2391 1314 2467 pro
1336 2381 1504 2471 tempore
1523 2366 1596 2442 mi·

197 2495 286 2572 lites
308 2490 500 2584 hortatus,
524 2491 645 2566 aciem
667 2489 781 2564 sicuti
803 2489 1058 2575 instruxerat,
1093 2487 1311 2562 transvorsis
1327 2488 1528 2593 principiis
1552 2491 1596 2567 in

197 2618 367 2724 planum
390 2614 555 2692 deducit.
599 2612 672 2689 Sed
693 2610 762 2688 ubi
780 2610 966 2688 Numidas
988 2609 1135 2713 quietos
1164 2635 1291 2712 neque
1320 2610 1417 2687 colle
1443 2614 1595 2720 degredi
1606 2637 1644 2702 50

199 2738 500 2829 animadvortit,
532 2737 674 2813 veritus
701 2763 748 2812 ex
773 2734 869 2810 anni
901 2749 1070 2837 tempore
1091 2749 1129 2808 et
1157 2731 1288 2837 inopia
1312 2761 1442 2838 aquae,
1464 2764 1514 2814 ne
1533 2738 1596 2815 siti

198 2863 455 2944 conficeretur
474 2861 677 2952 exercitus,
707 2857 899 2936 Rutilium
925 2857 1094 2962 legatum
1118 2881 1208 2932 cum
1227 2857 1409 2960 expeditis
1433 2857 1599 2938 cohorti-

199 2991 276 3067 bus
294 3005 332 3065 et
348 3003 459 3093 parte
481 2985 657 3089 equitum
682 2982 864 3089 praemisit
882 2981 933 3058 ad
958 2981 1124 3072 flumen,
1148 2980 1208 3057 uti
1227 2981 1356 3058 locum
1375 2983 1504 3059 castris
1530 3011 1599 3063 an·

191 3170 343 3234 ‘mmrant
361 3165 444 3227 Leid.
459 3187 486 3227 c.
501 3186 530 3249 g.
548 3163 650 3237 But.
666 3185 724 3247 pro
739 3163 848 3244 crtiusq.
868 3162 930 3243 ing.
950 3182 1042 3244 praep.
1064 3181 1125 3222 om.
1145 3161 1259 3244 aliquot
1271 3162 1385 3230 Wassii.
1404 3161 1490 3223 Febr.
1510 3163 1596 3227 Rem.

198 3279 265 3338 ltu.
279 3295 307 3337 ι.
324 3271 418 3334 deod.
436 3272 536 3335 Vinar.
556 3270 652 3331 Sonat.
666 3292 693 3334 1.
712 3270 831 3333 vrato.
851 3269 919 3330 Ero.
939 3269 1035 3331 Strur.
1057 3265 1153 3326 Guell.
1165 3287 1191 3326 ι.
1205 3267 1271 3328 nd.
1282 3266 1311 3338 4.
1323 3288 1351 3351 7.
1364 3288 1393 3348 9.
1410 3287 1455 3327 ιο.
1470 3288 1516 3328 ιο.
1527 3269 1596 3354 Teg.

198 3383 330 3444 Bm&
353 3376 464 3456 utriusq
479 3397 536 3456 pro
555 3375 616 3442 Erl.
635 3375 668 3434 B.
680 3374 751 3435 Pub.
775 3373 971 3455 pollicitomio
989 3375 1091 3437 inoert
1107 3395 1132 3433 1.
1154 3372 1251 3433 Guelf.
1272 3391 1318 3432 ιι.
1348 3393 1389 3460 ιιι.
1403 3391 1458 3436 seo.
1483 3373 1595 3439 Leidi.

200 3481 471 3569 digredimur
483 3479 546 3539 Brs.
561 3501 586 3544 ι.
596 3480 625 3552 k.
643 3479 714 3540 vin.
730 3501 755 3543 1.
775 3479 842 3539 Seu.
856 3479 955 3544 Heuss.
972 3477 1076 3538 Franc.
1096 3477 1193 3540 Guell'.
1206 3499 1231 3542 ι.
1243 3498 1271 3537 a.
1284 3477 1313 3549 4.
1325 3497 1354 3558 9.
1369 3497 1414 3537 ιο.
1429 3496 1474 3536 ιι.
1494 3497 1597 3540 omnes

200 3592 286 3658 bid.
300 3599 403 3672 prater
419 3591 442 3646 l.
462 3584 627 3650 Porinab.
639 3583 670 3647 d.
684 3606 710 3644 e.
731 3584 816 3644 Bern.
829 3584 896 3644 ud.
924 3592 1054 3643 monum
1072 3581 1158 3643 Febr.
1175 3602 1200 3641 ι.
1225 3582 1328 3646 Franc.
1352 3580 1508 3641 obscurato
1528 3581 1595 3643 Ecc.

200 3718 284 3782 agm.
296 3691 421 3755 institut
439 3690 501 3750 Bau.
517 3710 543 3748 ι.
561 3690 640 3750 vrat
657 3711 683 3754 ι.
695 3710 721 3748 a.
742 3687 876 3754 Guclsd
891 3708 939 3754 ιο.
951 3709 963 3748 ι
973 3709 998 3747 ι.
1012 3708 1057 3746 ιι.
1077 3687 1157 3749 Leid-
1169 3707 1229 3752 οι.
1244 3687 1264 3744 f.
1279 3690 1299 3746 l.
1321 3686 1406 3745 Paris.
1416 3685 1447 3750 b.
1468 3688 1597 3748 constitit

199 3801 316 3868 rubrio.
334 3798 422 3860 Ririi.
442 3794 590 3858 constituit
602 3795 706 3875 reliqui
722 3815 832 3853 omnes.
850 3813 938 3875 pror.
960 3791 1089 3852 hostibus
1107 3789 1197 3856 dead.
1216 3792 1312 3856 Struv.
1332 3790 1436 3855 trono.
1457 3790 1554 3852 Guell.
1567 3793 1595 3858 3.

201 3934 233 3996 7.
244 3928 275 3992 9.
290 3926 337 3968 ιο.
353 3924 400 3964 ιι.
416 3922 461 3966 ιο.
479 3900 560 3963 leid.
573 3900 603 3965 b.
618 3900 648 3964 d.
664 3920 690 3958 e.
704 3901 725 3960 i.
738 3900 817 3960 hm.
836 3898 939 3970 besl.
957 3897 1028 3958 Tur.

285 4033 362 4115 Cup.
377 4033 425 4093 50.
443 4029 564 4110 agredi
579 4029 664 4090 Febr.
683 4031 752 4095 vin.
770 4027 860 4093 dead.
877 4029 947 4088 Seu.
960 4046 987 4084 ι.
1006 4027 1065 4089 inc.
1084 4023 1181 4084 Strur.
1199 4023 1267 4084 Ecc.
1287 4023 1385 4086 Guelf.
1403 3981 1471 4110 adq.
1491 4049 1535 4090 ιο.
1548 4051 1594 4092 ιι.

203 4161 309 4211 omnes
323 4137 405 4201 leid.
418 4138 549 4220 pretori.
575 4134 636 4194 Bra.
646 4136 674 4208 4.
700 4135 785 4202 Bern.
800 4157 825 4196 ι.
837 4135 866 4196 3.
891 4152 930 4194 ea
942 4129 1020 4193 unni
1031 4126 1166 4210 temperis
1179 4127 1292 4190 Fabric.
1322 4129 1418 4192 Guelf.
1433 4134 1462 4195 3.
1485 4155 1525 4196 ιιι.
1538 4155 1594 4198 sse.

1154 4259 1297 4332 ιδ’
