3850 4867
1540 345 1566 424 5

162 542 219 616 tio
244 540 412 616 intentus
446 535 618 642 praeclari
644 532 822 609 facinoris
856 550 925 610 aut
956 533 1048 608 artis
1076 514 1200 608 bonae
1234 531 1377 607 famam
1404 527 1597 635 quaeritt

162 664 237 740 Sed
259 664 301 737 in
322 689 460 772 magua
480 660 589 764 copia
619 685 747 732 rerum
769 656 878 732 aliud
894 657 961 732 alii
986 672 1125 732 natura
1150 656 1223 730 iter
1251 655 1425 731 ostendit
1475 652 1567 730 Pul-

163 786 304 863 chrum
325 803 379 862 est
402 787 499 860 bene
517 783 640 858 facere
661 780 920 884 reipublicae:
945 781 1060 855 etiam
1093 781 1192 856 bene
1222 778 1348 854 dicere
1369 778 1477 854 haud
1501 780 1568 854 ab·

161 913 326 988 surdum
347 927 423 987 est:
448 909 639 1011 valperto,
663 904 724 981 rel
747 905 847 980 bello
869 906 1018 980 clarum
1039 904 1121 979 lieri
1148 904 1261 978 licet:
1289 921 1328 978 et
1348 904 1417 1006 qui
1438 903 1568 979 fecere,

163 1055 202 1112 et
224 1038 292 1139 qui
313 1036 413 1110 faeta
430 1033 595 1108 aliorum
614 1030 811 1132 scripsere,
837 1029 951 1104 multi
969 1029 1187 1103 laudantur.
1212 1031 1267 1102 Ac
1287 1026 1385 1102 mibi
1400 1027 1572 1130 quidem,
1665 1018 1668 1022 ⁴

166 1160 312 1236 tametsi
328 1159 630 1262 haudquaquam
647 1182 719 1257 par
738 1153 857 1258 gloria
875 1169 1057 1255 sequatur
1071 1153 1294 1255 scriptorem
1314 1169 1353 1228 et
1374 1169 1570 1227 auctorem

164 1313 311 1378 rerum3
337 1300 463 1358 tamen
496 1279 689 1384 inprimis
715 1277 882 1352 arduum
900 1277 1053 1352 videtur
1067 1303 1124 1350 res
1145 1293 1261 1381 gestas
1281 1276 1468 1352 scribere:
1490 1275 1570 1379 pri-

163 1437 272 1483 mum
293 1407 398 1510 quod
414 1406 513 1479 sacta
536 1403 645 1478 dictis
676 1417 769 1475 sunt
792 1401 1052 1503 exaequanda:
1090 1398 1232 1498 dehinc
1258 1400 1350 1502 quia
1376 1399 1569 1504 plerique,

165 1560 265 1637 quae
291 1531 429 1606 delicta
452 1525 753 1631 reprehenderis,
782 1525 1044 1600 malivolentia
1063 1542 1101 1599 et
1118 1525 1263 1600 invidia
1287 1524 1389 1599 dicta
1410 1541 1570 1629 putant:

163 1658 233 1732 ubi
254 1657 302 1732 de
313 1681 451 1758 magna
471 1652 612 1726 virtute
628 1665 666 1724 et
684 1648 803 1751 gloria
825 1649 1018 1724 bonorum
1039 1675 1239 1739 memores,
1265 1649 1452 1751 quaesibi
1468 1649 1571 1752 (pris-

163 1809 240 1883 que
264 1779 392 1854 facilia
413 1778 519 1851 factu
535 1789 664 1878 putat,
689 1797 798 1873 aequo
823 1773 953 1846 animo
971 1773 1132 1876 accipit3
1155 1800 1270 1878 supra
1284 1801 1346 1863 ea,
1366 1772 1486 1848 veluti
1505 1772 1571 1849 fic-

162 1922 225 1994 ta,
258 1931 330 2008 pro
356 1901 456 1976 falsis
478 1897 593 1972 ducit.
628 1895 700 1970 sed
723 1922 790 1999 ego
815 1896 1122 1971 adulescentulus
1151 1898 1279 1988 initio,
1315 1899 1427 1973 sicuti
1456 1898 1571 2002 pleri-

163 2055 260 2129 que,
284 2026 410 2101 studio
434 2023 483 2097 ad
509 2019 785 2123 rempublicam
812 2019 910 2094 latus
937 2047 1044 2110 sum,
1072 2020 1204 2122 ibique
1229 2021 1327 2096 mihi
1356 2021 1478 2096 multa
1501 2021 1569 2096 ad·

161 2177 269 2225 uorsa
288 2149 401 2222 fuere.
451 2149 547 2219 Nam
564 2171 633 2246 pro
662 2143 830 2246 pudore,
855 2171 926 2246 pro
946 2145 1197 2232 abstinentia,
1225 2174 1296 2249 pro
1316 2146 1476 2238 virtute3
1501 2172 1570 2221 au-

162 2274 292 2361 dacia,
317 2271 486 2376 largitio,
512 2267 669 2343 avaritia
691 2265 876 2369 vigebant.
922 2267 1019 2363 Quae
1048 2268 1196 2342 tametsi
1216 2270 1367 2344 animus
1391 2295 1568 2372 asperna-

162 2399 303 2486 batur,
329 2396 492 2470 insolens
512 2392 702 2466 malarum
727 2390 892 2483 artium3
929 2407 1058 2465 tamen
1083 2395 1184 2466 inter
1207 2407 1312 2466 tanta
1340 2393 1432 2468 vitia
1452 2393 1570 2469 imbe·

163 2497 254 2596 cilla
286 2537 373 2593 aetas
401 2517 610 2592 ambitione
638 2529 818 2616 corrupta
843 2515 1063 2588 tenebatur:
1089 2543 1241 2606 acme,
1267 2544 1390 2619 quum
1409 2517 1459 2591 ab
1483 2519 1572 2594 reli-

163 2671 333 2746 quorum
355 2641 464 2718 malis
486 2639 657 2716 moribus
678 2633 928 2728 dissentirem,
950 2637 1076 2715 nihilo
1094 2640 1223 2715 minus
1241 2640 1398 2717 honoris
1419 2643 1573 2748 cupido,
1598 2727 1602 2734 ¹

162 2861 216 2899 nes
230 2840 316 2900 credo
333 2839 410 2899 libri.
434 2848 496 2897 tum
515 2848 543 2897 et
556 2838 590 2897 si.
614 2838 705 2898 llarlr.
720 2852 755 2902 Λ.
777 2847 917 2898 actorem.
933 2837 1018 2897 Basil.
1047 2858 1075 2898 a.
1092 2839 1121 2898 3.
1148 2849 1177 2898 et
1202 2860 1226 2899 ι.
1245 2860 1286 2898 ιιι.
1301 2859 1357 2901 ree.
1372 2841 1469 2902 Tur-ie.
1494 2863 1520 2901 1.
1542 2863 1571 2904 ι.

161 2945 233 3028 Teg.
252 2946 336 3004 Paris.
354 2965 382 3004 e.
405 2965 445 3002 m.
465 2965 520 3002 aec.
543 2943 626 3002 Bern.
641 2943 670 3003 3.
687 2943 801 3003 Fabric.
818 2943 895 3004 Ruti
916 2943 1014 3001 l‘emb.
1032 2940 1065 3001 B.
1090 2943 1161 3002 Pub.
1179 2942 1252 3003 Bod.
1281 2944 1374 3004 Mark.
1389 2957 1419 3009 r.
1435 2959 1470 3008 Λ.
1507 2968 1573 3008 cre-

162 3052 205 3111 do
220 3062 248 3110 et
263 3053 313 3110 alii
325 3060 430 3129 msept.
450 3069 522 3129 quos
539 3047 664 3108 editores
677 3049 796 3108 laudare
818 3049 988 3107 omisemut.
1013 3046 1153 3126 sequitur,
1173 3048 1254 3107 Leid.
1274 3052 1295 3107 l.
1314 3049 1412 3110 Guell.
1439 3072 1465 3110 1.
1490 3071 1520 3112 a.
1540 3053 1570 3113 ὅ.

162 3155 194 3228 Δ.
212 3157 239 3215 5.
254 3156 350 3214 Turio.
370 3176 395 3213 1.
412 3175 452 3213 m.
466 3173 511 3234 pr.
525 3151 636 3211 Charis.
655 3175 722 3236 pag.
747 3174 813 3234 ¹9²·
837 3152 891 3211 Ed.
910 3149 1025 3211 Putseh.
1052 3154 1237 3232 remquam
1254 3153 1323 3214 siut.
1348 3154 1429 3214 Leid.
1445 3177 1472 3215 a.
1495 3155 1526 3216 b·
1541 3157 1569 3217 l.

162 3265 186 3320 l.
207 3261 390 3338 eroequandu
417 3267 497 3318 sunt.
512 3257 595 3316 Basss.
615 3278 640 3316 1.
659 3259 687 3328 A.
710 3257 810 3318 Turic.
832 3279 856 3316 ι.
883 3259 970 3320 ceteri
991 3278 1109 3339 quoque
1130 3258 1227 3318 Codd.
1245 3259 1286 3334 in]
1294 3259 1398 3320 ordine
1413 3259 1569 3322 verborum

162 3386 254 3447 quam
271 3349 394 3424 manime
413 3364 535 3424 variant.
559 3363 642 3421 dieta
657 3372 774 3443 putant,
792 3364 913 3442 plurimi
931 3373 959 3421 et
972 3373 1034 3442 opt.
1052 3361 1247 3422 Codd.d1'eta
1272 3366 1423 3424 omittunt.
1443 3365 1524 3424 Leid.
1539 3365 1569 3425 b.

161 3471 271 3546 lne.‚1.
301 3470 423 3530 mettim.
442 3467 527 3526 Fabr.
556 3489 581 3527 ι.
601 3467 681 3532 leid.
702 3469 723 3526 i.
740 3469 832 3527 dueta
852 3466 940 3527 brad.
962 3489 1057 3548 neque
1077 3469 1109 3527 in
1130 3471 1230 3528 ceteris
1246 3467 1344 3528 Codd.
1371 3481 1505 3531 constans
1530 3482 1571 3531 est

161 3577 260 3637 lectio.
272 3595 361 3656 quere
374 3573 456 3633 Cart.
466 3573 613 3652 expunxit.
634 3572 876 3644 mlulescenlulus,
899 3571 960 3630 Bas.
977 3593 1004 3631 a.
1019 3572 1049 3643 4.
1064 3573 1131 3656 leg.
1146 3574 1231 3634 Bern.
1243 3595 1274 3633 a.
1296 3573 1382 3634 ἰιιὶίιῐ)
1399 3577 1479 3656 apud
1488 3575 1570 3636 Cart.

162 3683 329 3756 omissum,
347 3679 459 3738 incuria
478 3675 663 3736 librariorum
680 3676 777 3736 credo.
799 3686 831 3734 tu
846 3697 995 3736 memores.
1014 3675 1095 3736 Leid.
1116 3679 1144 3736 l.
1165 3679 1250 3739 Basil.
1270 3680 1300 3751 l·
1331 3700 1351 3738 a
1367 3681 1474 3741 dudio.
1488 3682 1569 3742 Leid.

161 3785 193 3844 b.
213 3808 239 3846 c.
255 3785 285 3844 d.
301 3805 326 3843 e.
343 3786 363 3843 s.
380 3805 408 3865 g.
430 3783 491 3841 llas.
514 3803 538 3840 ι.
554 3779 584 3840 3.
599 3781 627 3852 l.
649 3781 737 3838 Bern.
749 3803 776 3840 2.
792 3780 820 3840 3.
840 3791 934 3862 uterq.
952 3781 1087 3842 Remeat.
1106 3782 1203 3843 Guell.
1220 3785 1249 3854 4.
1263 3785 1291 3844 6.
1305 3808 1332 3865 7.
1350 3787 1378 3845 8.
1399 3807 1445 3846 ιο.
1462 3807 1507 3846 ιι.
1524 3809 1569 3849 ιι.

160 3887 610 3967 Vinar.2.1nc.uterq.St1uv.
630 3897 660 3944 et
673 3883 761 3944 lead.
776 3885 856 3944 Leid.
878 3890 899 3946 l.
918 3909 958 3946 m.
979 3909 1035 3948 sec.
1052 3888 1179 3948 astudrb
1198 3889 1328 3968 lriterali.
1348 3890 1429 3949 Leid.
1450 3889 1482 3950 b.
1498 3893 1569 3955 Tus.
1596 3889 1601 3896 ’

161 4017 193 4058 2.
215 3994 348 4054 aruntio
371 3992 548 4052 litterariam.
569 3991 666 4050 Gur-ll.
690 4013 719 4070 9.
742 4001 771 4050 et
789 3994 902 4072 aliquot
923 3993 1028 4054 wanti
1048 3992 1098 4050 aad
1114 3997 1212 4072 plures
1233 3996 1384 4054 meliorem
1412 3998 1568 4058 lectionem

161 4091 351 4160 eonllnuaut.
372 4097 539 4156 litterarum
560 4097 657 4154 etiam.
686 4095 770 4154 Basil.
799 4117 824 4154 1.
843 4101 935 4178 glossa
955 4097 1111 4178 adscripta.
1135 4118 1294 4178 propotu
1321 4101 1482 4162 omiserunt
1506 4102 1571 4164 Tn-

161 4207 214 4265 ric.
237 4225 262 4263 ι.
278 4203 362 4261 Beru.
386 4223 410 4259 1.
429 4201 513 4258 Paris.
532 4221 558 4258 e.
575 4199 604 4257 d.
627 4199 688 4257 Bas.
706 4221 733 4257 2.
751 4199 831 4257 Leid.
848 4223 874 4258 a.
893 4203 912 4260 i.
934 4222 966 4259 ιι.
987 4205 1051 4260 etl.
1068 4223 1109 4261 m.
1126 4222 1172 4282 pr.
1191 4204 1293 4285 fragm.
1320 4202 1427 4262 Colon.
1446 4206 1569 4268 etl’ho-

159 4329 223 4370 ean.
255 4327 330 4391 quos
355 4307 449 4365 Palm.
466 4305 584 4378 laudat,
611 4303 757 4362 Commel.
791 4303 859 4364 Nea.
885 4304 972 4365 Palas.
992 4326 1020 4366 a.
1042 4307 1071 4365 6.
1095 4328 1124 4388 9.
1166 4307 1264 4368 Guell.
1291 4327 1315 4366 ι.
1333 4327 1361 4366 ι.
1381 4307 1414 4367 3.
1437 4313 1470 4370 5.
1508 4311 1569 4374 ta-
