3850 4867
1541 292 1564 365 5

157 492 420 600 plurimorum
439 516 649 596 eorumque
673 488 908 595 optimorum
930 486 1109 572 codicum
1133 486 1362 564 lectionibus
1386 487 1564 595 cognitis,

158 608 353 689 nonnulla
381 610 467 685 loca
498 607 735 687 emendatius
758 606 869 681 edere
888 604 988 681 licet
1023 605 1123 680 Sunt
1148 604 1225 679 alia
1251 604 1351 697 loca,
1377 630 1463 710 quae
1484 606 1565 713 jam

157 725 312 833 pridem
338 726 503 816 Cortius,
528 716 594 801 sed
614 740 748 800 contra
776 722 953 797 codicum
980 721 1247 797 auctoritatem
1274 721 1566 830 emendaverat3

158 868 248 945 (pate
270 842 301 917 si
318 842 454 918 nostris
478 842 586 916 libris
610 840 832 930 firmantur,
858 835 933 911 hoc
956 836 1127 911 indicare
1148 864 1230 912 non
1252 837 1449 930 omittam¹

313 1042 393 1115 DE
444 1038 777 1115 CODICIBUS
827 1034 1417 1116 MEDIOLANENSIBUS.

259 1194 308 1267 ln
330 1188 563 1265 bibliotheca
586 1187 836 1263 Ambrosiana
852 1214 911 1261 xu.
927 1184 1083 1262 Salustii
1102 1185 1248 1261 codices
1261 1187 1350 1262 Msc.
1366 1185 1571 1276 asservari,

158 1308 241 1413 jam
258 1308 302 1382 in
316 1304 636 1411 praelationeVol.
652 1330 673 1377 1.
686 1330 768 1407 pag.
781 1328 841 1378 xu.
858 1303 989 1394 docui;
1025 1329 1193 1405 quorum
1217 1330 1306 1377 cum
1326 1302 1458 1378 nullus
1475 1317 1566 1378 ante

158 1424 344 1499 saeculum
359 1449 405 1497 x1.
427 1423 589 1526 scriptus
604 1422 669 1511 sit,
695 1436 822 1494 tamen
838 1418 947 1494 haud
958 1444 1091 1523 paucae
1105 1421 1340 1523 optimarum
1355 1420 1568 1496 lectionum

159 1538 321 1614 illorum
350 1539 577 1613 auctoritate
599 1535 887 1611 confirmantur.
936 1540 1119 1611 Praeterca
1144 1534 1204 1611 his
1238 1538 1280 1610 in
1302 1536 1410 1611 libris
1437 1536 1569 1614 inveni

159 1658 370 1748 variantes,
389 1655 555 1732 sermoni
581 1653 796 1729 Salustiano
824 1679 942 1756 quam
975 1653 1139 1728 maxime
1165 1670 1461 1746 consentaneas,
1485 1672 1524 1730 et
1545 1681 1569 1729 a

159 1774 317 1849 nemine
336 1772 481 1863 adhuc,
507 1785 698 1875 quantum
718 1768 896 1872 equidem
917 1768 1015 1859 scio,
1037 1769 1218 1846 laudatas.
1256 1770 1387 1871 Quare
1407 1772 1467 1848 vel
1488 1796 1571 1876 pes-

159 1888 302 1965 simum
324 1888 467 1965 horum
493 1889 683 1963 librorum
710 1886 924 1961 accuratius
957 1886 1161 1961 contulisse
1186 1914 1325 1991 magno
1356 1886 1455 1962 mihi
1482 1887 1569 1963 usui

159 2004 247 2080 fuis
290 2005 408 2109 Cujus
438 2006 493 2080 rei
515 2005 624 2108 copia
656 2000 754 2077 mihi
781 2003 871 2078 data
900 2019 955 2078 est
975 2002 1162 2110 imprimis
1191 2001 1433 2079 humanitate
1452 2008 1497 2080 V.
1520 2006 1570 2079 D.

160 2122 356 2197 Francisci
376 2122 628 2226 Bentivoglio,
650 2116 895 2195 Bibliothecae
923 2117 1113 2223 praefecti‚
1146 2120 1214 2222 qui
1237 2148 1318 2195 non
1339 2121 1466 2196 solum
1490 2120 1570 2196 sin-

160 2237 261 2343 gulis
284 2238 418 2314 diebus
435 2266 497 2314 sex
522 2237 634 2313 horas
661 2237 864 2312 continuas
887 2236 995 2310 codd
1019 2236 1249 2339 inspiciendi
1272 2236 1369 2311 mihi
1392 2237 1482 2313 lecit
1501 2265 1569 2344 po-

162 2370 354 2441 testatem,
371 2356 568 2431 sedetiam
588 2354 826 2429 sermonibus
848 2380 909 2427 me
927 2352 1051 2426 multa
1070 2352 1231 2428 edocuit.
1267 2356 1381 2429 Parat
1403 2353 1468 2429 hic
1489 2355 1567 2441 vir,

160 2470 212 2547 de
238 2470 369 2549 multis
394 2472 553 2547 literatis
575 2469 798 2546 hominibus
829 2470 972 2575 optime
1001 2468 1179 2559 meritus,
1212 2496 1353 2545 novam
1378 2471 1569 2548 Ciceronis

161 2588 384 2665 orationum
402 2589 630 2680 editionem,
654 2614 773 2691 quam
796 2585 976 2691 equidem
998 2585 1138 2689 cupide
1160 2601 1342 2691 exspecto.

276 2746 367 2821 Cod.
384 2747 469 2835 La)
504 2746 572 2843 (Ο.
598 2746 678 2845 32.)
715 2745 926 2819 Membran.
950 2744 1037 2818 Saec.
1054 2768 1113 2817 111.
1138 2740 1291 2818 scholiis
1318 2742 1573 2819 interlineari·

159 2858 235 2935 hus
255 2862 474 2966 adspersus,
503 2878 542 2937 et
563 2861 725 2966 optimas
743 2859 922 2936 lectiones
942 2860 1114 2935 continet
1131 2875 1170 2934 et
1194 2859 1245 2935 ad
1266 2859 1574 2965 corruptelarum

161 3002 294 3053 causas
314 2978 541 3055 divinandas
565 2978 781 3084 plurimum
807 2975 964 3052 confert
1010 2976 1220 3079 Aliquoties
1245 3004 1382 3052 manus
1405 2976 1574 3053 secunda

162 3108 313 3169 textum
346 3096 571 3172 emendavit.
630 3089 925 3198 Orthographiae
955 3092 1089 3165 veteris
1120 3119 1244 3197 pauca
1269 3093 1444 3198 vestigia3
1480 3120 1510 3167 v.
1542 3121 1574 3184 c,

159 3228 237 3301 set,
270 3230 377 3311 aput,
402 3212 653 3297 vendicemus,
691 3212 899 3312 neglegere,
925 3208 1184 3310 Aborigenes‚
1219 3210 1419 3294 condicio,
1454 3214 1571 3296 haut,

161 3326 403 3427 locupletum,
430 3330 592 3405 adiceret
615 3328 720 3425 (cas
736 3353 766 3401 c.
783 3326 857 3423 aa.)
884 3324 1091 3410 cotidiario,
1109 3326 1305 3411 leniunda,
1323 3327 1573 3414 accersebant,

161 3460 202 3520 et
221 3444 282 3520 die
303 3472 426 3546 vesper
450 3444 495 3543 (i
516 3474 560 3520 m.
583 3471 652 3521 sec.
673 3442 896 3545 apposuit);
932 3440 1133 3516 nonnullis
1164 3441 1256 3517 locis
1280 3441 1573 3549 conjunctiones

161 3559 309 3635 omissae
328 3593 338 3655 3
362 3590 394 3636 v.
412 3587 442 3635 c.
458 3563 536 3637 Cat
557 3589 637 3665 cap.
658 3588 690 3661 7.
715 3584 856 3659 semper
877 3561 934 3631 Iris
957 3601 976 3616 ·
1001 3562 1119 3660 magis
1141 3564 1179 3632 in
1202 3558 1355 3633 decoris

209 3712 213 3729 ¹
246 3698 374 3761 Catilina
392 3724 457 3784 cap.
479 3724 505 3761 1.
527 3722 588 3784 quo
608 3698 683 3760 mihi
700 3700 806 3761 restim
822 3698 938 3762 videtur
958 3698 1034 3779 (csse
1052 3699 1212 3778 omissum)
1232 3699 1262 3761 3.
1277 3699 1375 3761 studio
1393 3698 1432 3761 ad
1449 3721 1573 3784 rempu-

161 3794 273 3856 blicam
286 3800 360 3856 latus
375 3820 451 3858 sum.
474 3800 502 3858 5.
515 3796 678 3859 incitabant
692 3807 838 3879 praterea.
858 3799 888 3858 8.
915 3808 1061 3880 quantum
1083 3794 1178 3857 verbis
1199 3808 1322 3878 potuero
1347 3801 1493 3863 extollere.
1527 3819 1573 3864 ιι.

162 3894 198 3954 in
220 3890 293 3953 Asia.
323 3908 369 3969 14.
384 3897 427 3955 uti
447 3902 594 3979 cujusque.
619 3914 667 3961 aa.
690 3896 760 3957 ficta
775 3906 804 3956 ct
821 3893 902 3971 hacc,
922 3898 1018 3957 multa
1034 3902 1117 3977 prat.
1140 3894 1188 3959 25.
1206 3893 1280 3955 haut
1301 3894 1387 3958 facile
1407 3914 1537 3958 cernercs
1555 3929 1574 3943 -

161 4008 293 4071 praeceps
311 3991 378 4051 fuit.
392 3990 444 4067 **)

173 4162 176 4167 '
242 4151 272 4231 ⁴)
292 4150 328 4211 In
349 4152 555 4214 enumerandis
576 4153 658 4213 libris
676 4153 811 4216 ordinem
832 4155 865 4216 in
884 4120 1140 4239 pictatione'vot
1154 4175 1180 4215 a.
1200 4156 1386 4237 propositum
1403 4152 1532 4218 errato.

246 4253 305 4338 ”)
326 4255 389 4333 Qut
409 4258 529 4343 quidem
556 4260 640 4321 locus
663 4259 811 4343 imprimis
836 4260 1005 4338 notandum
1031 4258 1103 4322 inde
1124 4261 1205 4324 enim
1232 4260 1352 4343 colligas
1377 4262 1469 4343 paulo
1497 4260 1575 4323 inira

1044 4384 1071 4441 ³lt
