3850 4867
1540 313 1587 392 51

180 491 360 596 Namque
386 498 460 572 alia
480 497 572 575 belli
593 498 763 573 facinora
786 493 923 601 praedae
940 494 1074 602 magis,
1100 522 1219 599 quam
1240 494 1467 579 detrimento
1485 491 1571 570 fore
1577 525 1590 590 3

180 612 409 697 incendium
433 651 520 698 vero
550 622 718 711 crudele,
755 620 1047 695 immoderatum
1069 647 1114 694 ac
1145 620 1218 694 sibi
1238 645 1415 694 maxume
1434 606 1589 694 calami·

183 757 311 818 tosum
329 748 514 849 putabat:
540 747 684 851 quippe
703 743 766 820 cui
788 769 917 820 omnes
939 743 1058 847 copiae
1076 743 1119 817 in
1139 769 1211 818 usu
1229 743 1428 820 cotidiano
1450 759 1490 818 et
1506 744 1589 819 cul·

184 881 234 942 tu
259 871 425 974 corporis
445 886 562 945 crant
599 873 686 945 Post
708 887 798 942 eunt
825 866 927 943 diem
947 867 1107 970 quidam
1134 871 1173 941 L
1196 868 1430 972 Tarquinius
1451 866 1502 944 ad
1523 869 1586 944 Se-

182 1007 324 1066 natum
340 993 527 1068 adductus
545 1008 641 1083 erat,
666 1019 781 1095 quem
804 991 853 1067 ad
873 991 1079 1067 Catilinam
1095 991 1396 1095 proficiscentem
1411 1020 1456 1067 ex
1475 991 1587 1068 itine-

180 1141 225 1191 re
249 1131 454 1190 retractum
478 1117 639 1190 aiebant
684 1120 737 1205 Is,
766 1143 889 1218 quum
907 1141 946 1190 se
966 1114 1108 1190 diceret
1134 1116 1397 1192 indicaturum
1426 1117 1473 1192 de
1494 1144 1585 1194 con-

180 1237 393 1329 iuratione,
417 1240 448 1314 si
468 1239 557 1314 fides
582 1239 738 1344 publica
760 1241 849 1315 data
875 1257 985 1329 esset,
1010 1239 1129 1314 iussus
1153 1266 1175 1314 a
1203 1241 1395 1332 Consule,
1411 1267 1498 1344 quae
1514 1242 1585 1318 sci-

182 1377 264 1452 ret,
288 1353 458 1440 edicere:
491 1364 623 1439 eadem
640 1362 735 1452 fere,
763 1389 849 1466 quae
869 1363 1111 1452 Volturcius,
1143 1363 1191 1439 de
1209 1365 1350 1467 paratis
1375 1364 1584 1458 incendiis,

179 1485 232 1560 de
257 1487 356 1561 caede
376 1487 584 1576 bonorum,
609 1487 656 1563 de
680 1486 816 1562 itinere
841 1485 1010 1562 hostium
1034 1488 1217 1562 Senatum
1243 1487 1377 1563 do'oet:
1401 1506 1583 1593 praeterea

178 1635 221 1686 se
242 1609 398 1685 missum
415 1638 437 1684 a
456 1611 506 1684 M
532 1613 680 1699 Crasso,
707 1610 774 1712 qui
803 1609 977 1686 catilina
1001 1610 1221 1698 nunciaret,
1255 1637 1305 1686 ne
1327 1638 1417 1689 eum
1441 1616 1584 1696 Lentu·

179 1735 243 1808 lus
257 1749 295 1809 et
308 1733 509 1840 Cethegus,
536 1733 678 1835 aliique
697 1761 743 1808 ex
766 1733 1035 1809 coniuratione·
1053 1732 1277 1838 deprehensi
1296 1752 1480 1812 terrerent
1486 1772 1497 1832 ;
1521 1767 1584 1818 eo-

178 1883 259 1961 que
280 1858 396 1963 magis
420 1873 640 1960 properaret
660 1856 709 1930 ad
731 1858 867 1931 urbem
886 1856 1080 1944 accedere,
1104 1884 1183 1959 quo
1206 1873 1245 1930 et
1265 1876 1477 1956 ceterorum
1498 1864 1581 1938 ani-

179 2006 264 2086 mos
280 1979 464 2068 reliceret,
488 1995 526 2054 et
547 1978 606 2052 illi
629 1977 778 2053 facilius
797 2007 818 2053 e
838 1979 1009 2082 periculo
1033 1979 1279 2082 eriperentur.
1315 1983 1388 2058 Sed
1406 1985 1476 2059 ubi
1487 1987 1580 2061 Tar-

177 2103 338 2207 quinius
361 2105 534 2178 Crassum
560 2101 792 2190 nominavit,
828 2099 1025 2213 hominem
1056 2102 1248 2194 nobilem,
1274 2107 1460 2182 maxumis
1483 2108 1580 2184 divi-

178 2228 260 2318 tiis,
283 2253 429 2302 summa
450 2225 641 2330 potentia3
672 2224 755 2315 alii,
790 2251 871 2299 rem
901 2223 1166 2300 incredibilem
1191 2227 1288 2321 rati;
1322 2256 1408 2332 para
1431 2233 1579 2324 tametsi

177 2376 312 2429 rerum
342 2350 644 2436 existumabant,
678 2363 805 2422 tamen
836 2347 927 2450 quia
953 2347 995 2421 in
1023 2346 1091 2421 tali
1115 2364 1283 2452 tempore
1305 2367 1409 2426 tanta
1435 2355 1489 2430 vis
1508 2353 1579 2434 bo-

175 2476 293 2554 minis
312 2476 428 2580 magis
453 2473 642 2550 leniunda·
659 2499 775 2575 quam
796 2469 1020 2574 exagitanda
1036 2470 1255 2567 videbatur3
1277 2474 1452 2579 plerique
1473 2481 1579 2557 Cras.

173 2625 220 2679 ‘so
237 2621 283 2678 ex
298 2599 455 2705 negotiis
471 2597 626 2702 privatis
648 2595 803 2672 obnoxii
835 2593 1099 2684 conclamant,
1125 2595 1293 2672 indicem
1319 2598 1459 2678 falsum
1479 2629 1579 2697 'ossa

147 2855 152 2862 .
174 2803 321 2844 novarum
336 2781 476 2840 meliores.
497 2778 620 2859 agitare.
639 2775 701 2834 Bas.
712 2779 740 2838 3.
760 2773 923 2856 agitabant.
943 2773 1028 2833 Fabr.
1041 2795 1069 2835 a.
1089 2771 1187 2834 Guell.
1205 2776 1234 2836 6.
1254 2777 1336 2837 Laid.
1347 2800 1373 2863 e..
1393 2781 1501 2844 calam.
1519 2807 1579 2867 pn.

173 2889 291 2950 tabunt.
310 2887 395 2946 Fabr.
408 2907 434 2945 a.
455 2885 554 2954 baal.
575 2882 735 2942 cotidiano.
757 2879 818 2938 Bas.
833 2900 858 2942 1.
878 2879 946 2938 Tur.
964 2899 991 2938 2.
1013 2881 1161 2940 mlductus
1176 2879 1379 2945 adSenatum,
1399 2884 1450 2947 Ac,
1470 2887 1532 2949 ΒΜ.
1550 2914 1576 2951 ¹·

172 2998 401 3058 deductusarat.
422 2989 507 3050 Fabr.
524 3009 549 3048 ι.
577 2989 681 3046 ductus
695 2993 767 3045 erut.
788 2983 849 3042 But.
864 2983 893 3043 3.
913 2985 987 3048 odd.
1001 2994 1051 3044 ost.
1070 2986 1130 3045 inc.
1145 3006 1170 3043 1.
1191 2982 1288 3045 Guoll.
1300 3010 1328 3068 7.
1348 2988 1429 3050 laid.
1441 2993 1462 3050 f.
1476 2990 1507 3050 b.
1537 3014 1576 3054 α

172 3099 476 3162 1'tt'narecumlocum
497 3092 636 3176 mutctin
647 3091 707 3150 Bas.
723 3089 752 3149 3.
779 3087 868 3147 Acad.
880 3089 1011 3168 aliisque,
1024 3109 1079 3169 pro
1095 3092 1187 3171 glossa
1202 3088 1305 3151 habuit
1318 3090 1442 3152 Cortim.
1463 3094 1575 3158 «ὕων,

173 3216 272 3286 uterq.
292 3201 377 3262 Fabr.
396 3201 464 3260 Vin.
485 3199 551 3256 Son.
573 3198 631 3256 inc.
643 3217 670 3254 a.
691 3194 778 3252 Heus.
807 3191 904 3251 Gucll.
920 3211 946 3250 a.
958 3191 987 3252 3.
999 3193 1028 3262 A.
1045 3214 1089 3252 ιο.
1105 3213 1151 3252 11.
1170 3214 1215 3253 η.
1242 3193 1304 3254 Bas.
1321 3215 1347 3254 ι.
1364 3216 1390 3255 2.
1408 3201 1437 3258 3,
1449 3195 1478 3267 A,
1504 3197 1574 3261 Tur,

178 3331 249 3372 m.
271 3307 353 3366 bern.
374 3327 398 3363 ι.
416 3325 442 3373 2.
472 3301 570 3362 dabore
590 3319 691 3360 omnes
706 3297 822 3356 Gruteri
837 3307 866 3355 et
884 3307 1010 3376 quatuor
1025 3297 1128 3358 Wassii
1142 3297 1220 3357 libri.
1240 3300 1341 3358 edocet
1369 3299 1508 3383 Gueliq.
1526 3324 1573 3366 to.

177 3437 226 3476 rr.
246 3433 290 3476 ιη.
310 3413 369 3470 iue.
383 3431 411 3470 2.
423 3419 452 3468 et
467 3429 492 3472 ι.
514 3427 554 3465 m.
565 3423 610 3485 pr.
631 3403 710 3465 tait.
723 3423 749 3460 a.
764 3423 788 3462 a
804 3397 906 3481 [qb.
922 3419 963 3458 m.
982 3399 1051 3459 Tur.
1064 3421 1092 3465 a.
1120 3403 1206 3477 docet
1230 3423 1335 3463 omnen
1350 3403 1574 3489 Gmoer1‚p}u,

174 3540 222 3583 res
233 3519 348 3586 Wassii,
369 3516 454 3586 ueteri
469 3531 580 3573 omnes.
602 3507 740 3567 Muluius
753 3514 839 3593 atqua
857 3500 991 3562 certatus
1009 3503 1094 3563 llam.
1108 3520 1136 3564 α.
1156 3505 1206 3570 Ao,
1227 3505 1368 3570 lancata
1378 3506 1488 3571 Cetbei.
1500 3513 1571 3575 Fal).

176 3648 206 3690 2.
221 3625 326 3688 barb.
354 3621 438 3680 Rem.
457 3641 480 3678 ι.
510 3615 613 3677 otalii.
643 3612 779 3672 Guelf.3.
803 3629 841 3668 rte
862 3627 937 3666 eum.
968 3627 1106 3688 pmnom.
1124 3614 1223 3670 locum
1241 3615 1509 3678 montiniaco.
1537 3639 1571 3680 ω

172 3729 278 3810 mugra.
299 3727 395 3786 Guoll.
410 3745 436 3786 2.
457 3725 499 3782 ad
511 3721 611 3781 urbem
638 3717 690 3779 te.
709 3715 793 3777 llam.
806 3733 834 3778 a.
856 3711 952 3771 Guets.
965 3713 994 3771 5.
1006 3712 1035 3772 6.
1053 3734 1124 3790 pars
1140 3714 1274 3776 tamensi.
1292 3715 1345 3781 Aa,
1367 3735 1463 3800 mm,
1484 3733 1571 3801 „tw

170 3835 235 3898 elai.
255 3832 353 3890 Guets.
368 3825 581 3920 {arnmot
601 3823 754 3882 lubrie-³·
783 3817 879 3897 1714ῧῖ3
894 3816 1045 3876 imm·
1072 3819 1167 3897 ΜΨ
1182 3839 1243 3878 ⁰¹¹¹·
1258 3819 1372 3882 misi&
1391 3842 1416 3886 ¹·
1436 3816 1521 3891 ΒΜ·
1538 3826 1569 3890 3·
1698 3819 1701 3824 ·
1823 3914 1830 3922 ,

174 3960 203 4003 2.
223 3959 263 4000 m.
281 3955 326 4014 pr.
352 3933 421 3992 Tur.
440 3953 467 3990 a.
487 3912 544 3988 lin.
561 3927 663 4006 magis.
687 3929 784 4006 plum
797 3922 874 3982 libri.
894 3922 1010 3998 salsum
1028 3927 1094 3982 otte,
1113 3915 1172 3984 aba
1191 3943 1252 3985 om.
1273 3923 1370 3990 Μ.
1386 3929 1414 3988 3·
1442 3927 1522 3988 Md.
1537 3929 1568 3992 b·

173 4039 354 4118 ateso'bum
374 4037 443 4095 Tur.
460 4055 486 4094 2.
509 4031 625 4111 sobam
639 4030 737 4090 videri
755 4027 851 4088 Gucll.
864 4049 892 4108 7.
914 4026 1031 4104 saltum
1044 4026 1208 4088 astutiori
1225 4027 1293 4089 Eoo.
1312 4031 1442 4091 decrevit
1460 4033 1567 4096 Guels,
