3850 4867
1527 341 1547 413 7

229 523 320 585 Cutil.
341 545 368 584 0.
385 546 414 605 7.
434 521 482 583 850
503 519 636 603 quisque.
663 520 693 583 8.
711 538 745 581 ea
765 526 916 601 qnantum
934 514 1040 579 verbis.
1067 538 1098 598 9.
1117 517 1149 577 in
1168 515 1271 575 amicis
1289 541 1309 562 ι
1327 514 1362 573 55
1381 531 1455 594 paee
1479 531 1550 575 rero

146 625 239 707 magis
257 622 418 681 beneficiis.
446 641 491 679 ιο.
508 621 593 679 bonae
609 630 694 678 artes.
719 640 763 683 ιι.
783 619 815 677 55
837 616 914 675 Asia.
948 616 1080 675 18.tum
1100 614 1273 694 pessimum.
1305 632 1455 692 19.quam
1479 614 1551 692 plu·

145 742 191 781 res
210 753 229 766 -
249 722 282 779 in
300 720 495 799 provinciam.
521 736 567 777 20.
588 737 653 797 spes
675 736 789 797 magna
804 706 1020 773 dominationis
1036 745 1055 758 ·
1075 711 1155 771 idem
1173 714 1248 772 velle
1269 720 1357 789 atque
1378 712 1469 768 nolle.
1501 729 1551 768 ar.

144 817 395 898 proscriptionem
414 818 599 895 locupletum
620 834 750 893 -qnam
781 815 879 892 plures
905 812 1031 890 periculi
1060 808 1127 887 (sed
1147 812 1240 888 paulo
1268 808 1346 866 infra
1369 826 1438 866 cum
1454 804 1553 887 pluri·

144 915 199 974 550
217 912 385 993 scriptum).
414 934 462 972 22.
479 912 637 972 addiceret.
661 911 710 971 23.
728 911 838 989 coepit',
853 908 1004 967 interdum
1022 908 1098 967 ferro
1118 907 1237 965 minari.
1268 916 1315 976 04.
1325 915 1432 963 mutuo
1446 924 1553 984 sump-

146 1023 222 1071 tam.
245 1010 292 1070 26.
309 1031 381 1091 quas
403 1012 517 1069 consuli
538 1018 699 1090 paraverat.
722 1008 769 1067 08.
788 1004 896 1064 Curius
918 1005 969 1063 ubi
992 1005 1137 1063 intellexit
1156 1035 1175 1050 -
1194 1000 1396 1082 impendebat.
1416 1001 1466 1061 5ο.
1480 1003 1552 1060 item

144 1108 345 1167 decreverant.
364 1106 413 1187 59.
430 1109 546 1166 animos
564 1126 666 1165 eorum
683 1105 782 1164 erexit.
804 1104 852 1174 40.
868 1103 1035 1183 negotiatus
1055 1111 1157 1160 esset·
1174 1111 1366 1179 percontatur
1376 1119 1481 1179 pauca.
1503 1110 1554 1179 47.

145 1205 303 1265 abdicatus
319 1226 336 1263 a
353 1206 525 1285 magistratu
540 1208 682 1264 Lentulus
699 1204 745 1261 sit.
767 1201 816 1272 48.
833 1208 969 1259 senatum
986 1196 1090 1257 edocet
1102 1228 1121 1243 -
1140 1196 1270 1275 judicem
1289 1218 1349 1257 esse
1363 1197 1480 1255 falsum.
1505 1197 1554 1254 51·

145 1304 233 1377 aliis,
254 1305 321 1362 alia.
353 1304 400 1375 54.
422 1324 456 1361 ac
481 1301 697 1361 munificentia.
720 1298 768 1358 55.
783 1295 956 1356 ascenderis.
980 1296 1028 1356 58.
1044 1316 1128 1357 5550
1144 1316 1214 1356 vero
1232 1316 1293 1376 qno
1315 1298 1392 1355 loco.
1422 1295 1471 1375 59.
1490 1306 1520 1355 et
1535 1314 1554 1351 a

147 1400 251 1459 dextra
269 1420 343 1479 mpe
363 1412 473 1480 aspera.

230 1494 393 1577 Jugurthu.
420 1518 444 1555 ι.
460 1496 554 1556 50500
572 1506 656 1556 artes.
689 1506 718 1568 4.
734 1495 786 1576 qui
805 1495 968 1575 sustinent.⁸
984 1516 1012 1575 7.
1030 1494 1117 1553 lacile
1132 1512 1308 1553 occasumm
1326 1512 1396 1553 eum
1415 1490 1554 1572 prefecit.

151 1615 200 1654 ιο.
220 1596 286 1655 ritae
304 1598 397 1653 finem
414 1596 493 1653 lacit.
528 1594 572 1653 55.
594 1594 660 1673 quis
677 1594 819 1672 precipit.
851 1603 898 1663 54.
914 1592 1007 1671 patris
1028 1592 1086 1649 mei
1106 1592 1177 1649 -in
1193 1602 1289 1649 restra
1308 1602 1353 1650 est
1371 1610 1474 1649 manu.
1507 1609 1555 1669 ¹7·

147 1690 251 1751 arbori
270 1690 458 1751 infecundus.
492 1712 538 1771 19.
554 1703 584 1751 et
598 1690 742 1749 Numidae.
774 1688 821 1750 55.
838 1690 863 1748 si
884 1707 986 1748 rerum
1006 1692 1127 1767 aperiat.
1159 1688 1206 1747 50.
1228 1688 1434 1746 Romanomm
1457 1684 1554 1745 turba.

149 1789 203 1848 62.
216 1788 329 1847 bellum
350 1791 452 1847 sumit.
472 1788 582 1848 Romae.
605 1788 654 1848 65.
668 1787 761 1846 50500
781 1797 866 1844 artes.
888 1786 936 1865 69.
955 1787 1001 1844 uti
1019 1797 1096 1859 erat,
1110 1786 1275 1844 Metellum.
1299 1808 1346 1868 71.
1364 1784 1479 1845 audivit
1486 1825 1497 1859 ,
1511 1804 1556 1843 ex.

150 1884 203 1966 75.
220 1884 339 1945 insidia
358 1896 428 1945 erat.
453 1887 500 1968 75.
512 1886 544 1945 id
561 1886 718 1967 oppidum.
741 1884 789 1966 76.
806 1902 868 1942 uuo
889 1884 938 1942 dic
957 1894 1009 1942 aut
1021 1894 1118 1942 nocte.
1140 1884 1188 1944 85.
1203 1882 1311 1943 habere
1325 1904 1404 1942 eum.
1427 1882 1476 1942 85.
1484 1901 1557 1962 pos·

74 2046 81 2052 ,
148 1984 222 2041 teris
239 1994 282 2042 est
303 1986 387 2062 quasi
404 1987 506 2041 lumen
526 2014 545 2029 -
565 1984 680 2041 honum
697 1984 834 2040 animum
852 1977 1000 2039 habetote.
1031 1980 1081 2059 95.
1097 1982 1232 2039 animum
1253 1981 1407 2040 convertit.
1429 1982 1480 2060 95.
1503 1978 1557 2061 qni

149 2081 200 2137 nti
220 2110 239 2125 -
259 2091 375 2161 cogeret
388 2080 489 2143 Romae
508 2112 528 2127 -
545 2078 638 2159 pudet
655 2099 694 2137 an
711 2080 793 2159 piget
818 2078 920 2158 magis.
940 2078 993 2156 97.
1007 2078 1208 2137 difficiliorem
1229 2099 1300 2137 esse.
1324 2098 1390 2137 roo.
1405 2078 1438 2135 in
1452 2076 1557 2138 155505-

150 2196 195 2234 50
213 2188 335 2255 prcpter
351 2186 551 2235 commeatum
564 2210 583 2223 -
602 2177 657 2234 illo
672 2177 806 2255 aliisque.
831 2196 896 2254 191.
914 2177 1043 2234 occurrit
1060 2197 1126 2234 aux.
1151 2196 1218 2234 102.
1233 2187 1337 2255 peetus
1349 2185 1433 2234 tuum
1445 2174 1557 2237 demit·
1641 2240 1646 2250 ,

149 2284 183 2331 10
203 2295 222 2319 ⁴
243 2272 322 2330 unde
337 2273 517 2354 Jugurtham
537 2274 659 2353 expulit.
694 2292 759 2330 ιιο.
774 2272 876 2330 Fuerit
895 2270 970 2329 mihi
992 2274 1122 2350 pretium
1141 2304 1161 2319 -
1179 2272 1372 2353 flagitiosum.
1411 2271 1557 2332 Ceterum

154 2389 224 2427 ιιι.
240 2367 339 2441 Quem
366 2371 391 2427 ei
419 2370 585 2429 tradidisset
604 2402 623 2419 ·
643 2370 763 2428 lenitur.
800 2388 866 2427 rra.
891 2378 921 2426 et
938 2368 964 2424 ei
989 2371 1115 2428 nunciat
1132 2402 1152 2417 -
1172 2370 1279 2450 ibique
1289 2371 1393 2428 Sillam
1420 2369 1558 2431 traderet.

154 2466 225 2525 ιι5.
246 2486 347 2525 secum
366 2468 496 2526 multum
517 2498 536 2516 -·
554 2470 641 2527 vultu
658 2468 756 2527 colore
777 2476 863 2527 motu
881 2466 1014 2548 corporis
1033 2499 1053 2513 -
1071 2470 1190 2527 0005110
1216 2467 1401 2548 patefecisset
1419 2500 1438 2517 -
1457 2487 1559 2529 accer-

149 2580 215 2623 sarr.

257 2688 347 2762 cod.
378 2690 446 2764 VI.
498 2687 747 2779 Chananeus,
774 2688 860 2763 Saec.
879 2715 948 2763 xrv.
976 2704 1157 2764 exaratus.
1197 2688 1330 2762 Solum
1352 2688 1560 2763 Catilinam

150 2803 344 2893 continet,
376 2806 598 2881 emendatus
625 2822 679 2881 est
704 2833 725 2880 a
754 2833 873 2879 manu
892 2805 1058 2880 secunda
1088 2806 1153 2880 sed
1181 2804 1305 2879 multo
1338 2804 1562 2899 recentiori;

149 2918 355 3021 aliquoties
376 2922 561 2997 variantes
585 2923 763 2998 lectiones
787 2921 828 2998 in
853 2924 1025 3027 margine
1051 2922 1269 3026 adscriptae,
1286 2921 1402 2997 rerba
1421 2920 1558 3028 saepius

151 3036 382 3139 transposita
405 3055 443 3113 et
461 3039 628 3141 pessimis
650 3038 879 3114 lectionibus
897 3054 1014 3114 scatet
1034 3036 1099 3114 hic
1123 3038 1229 3113 liber.

237 3175 311 3259 Gap.
327 3190 355 3250 4.
377 3178 422 3239 110
442 3201 502 3260 quo
519 3188 567 3260 jus
584 3179 718 3240 hominis
739 3180 799 3259 (m.
816 3180 902 3259 000).
925 3181 953 3240 8.
971 3179 1117 3240 obscurat
1137 3178 1380 3240 Atheniensium.
1406 3198 1452 3236 10.
1464 3176 1558 3237 bonas

151 3280 241 3331 artes.
265 3287 409 3355 ematque
424 3276 578 3335 moderati.
604 3276 864 3359 ι4.950115515050.
889 3278 936 3337 15.
951 3278 1089 3336 adultum
1100 3288 1192 3336 etate.
1218 3278 1486 3356 16.t0rpescerent.
1511 3276 1558 3336 18.

151 3371 324 3449 nequiverit
341 3402 361 3418 -
378 3373 445 3433 Kal.
467 3374 612 3434 Januarii.
645 3396 690 3456 ¹9·
703 3376 770 3437 Piso
787 3375 820 3434 in
843 3376 1007 3454 provincia.
1037 3394 1083 3433 ao.
1098 3373 1283 3433 vindicemus
1302 3404 1322 3419 -
1341 3374 1498 3455 ingenium
1515 3382 1561 3433 est

151 3496 173 3512 ·
192 3466 268 3525 sorte
289 3468 407 3528 animus
423 3471 515 3531 saltet.
539 3472 586 3531 23.
601 3473 737 3552 polliceri
756 3473 866 3551 coepit,
887 3472 1007 3530 minari.
1027 3470 1076 3530 30.
1090 3472 1181 3529 missi.
1201 3471 1278 3530 Nam
1295 3473 1425 3551 utrique.
1448 3471 1497 3531 5ι.
1512 3472 1560 3530 fa-

152 3560 224 3621 cies.
246 3561 293 3640 Ery
306 3585 432 3626 summa.
455 3568 504 3640 54.
517 3568 662 3629 Conscius
679 3570 738 3628 tuit
759 3570 845 3647 (esset
865 3568 996 3647 55000).
1018 3564 1067 3627 55.
1087 3589 1157 3627 cum
1177 3570 1282 3627 alienis
1300 3567 1485 3629 nominibus.
1509 3567 1558 3650 75.

153 3677 192 3717 ea
207 3677 277 3719 rero
296 3682 423 3743 praeceps
443 3663 479 3723 de
496 3669 598 3726 multis
624 3667 700 3744 (erat
718 3687 829 3747 manus·
838 3666 968 3725 secunda
983 3664 1126 3742 addidit).
1160 3666 1208 3735 45.
1230 3667 1381 3742 Statilius,
1401 3666 1559 3729 Gabinius.

152 3766 208 3837 47.
227 3756 380 3819 abdicatus
393 3764 576 3843 magistratu.
598 3765 646 3836 48.
663 3774 799 3822 senatum
816 3762 929 3821 edocet.
951 3762 1001 3842 49.
1016 3762 1196 3822 exercebant.
1221 3765 1390 3824 5001001οο
1407 3777 1496 3846 atque
1508 3786 1560 3826 ex-

153 3852 294 3913 ercitatos
314 3857 417 3918 orabat
435 3861 468 3919 in
485 3861 651 3920 audaciam.
673 3863 720 3920 51.
744 3880 808 3919 eam
830 3858 1006 3919 modestiam
1027 3860 1176 3940 -quibus
1198 3863 1319 3920 exilium
1342 3862 1470 3941 (legibus
1492 3884 1560 3922 ma-

154 3968 216 4009 nus
231 3953 361 4011 secunda
380 3954 525 4035 addidit).
561 3959 608 4031 54.
628 3978 663 4017 ac
685 3958 901 4017 munificentia.
932 3956 981 4017 55.
998 3956 1162 4015 ascenderis
1180 3990 1200 4004 -
1219 3980 1255 4018 eo
1269 3960 1362 4039 magis
1383 3958 1560 4040 assequeba-

154 4057 209 4107 tur
235 4048 342 4126 (ellnm
359 4072 400 4110 m.
418 4074 473 4113 sec.
494 4054 729 4134 superscripsit).
752 4055 799 4113 58.
822 4073 904 4112 5550
925 4072 994 4113 vero
1018 4074 1079 4133 quo
1099 4057 1167 4114 loco
1193 4088 1212 4102 -
1231 4056 1264 4115 in
1289 4058 1390 4115 restris
1413 4056 1521 4118 dextris
1540 4088 1560 4105 ·

154 4143 206 4203 sin
227 4156 310 4207 metu
329 4178 348 4197 ·
368 4170 434 4232 quo
444 4152 585 4238 audacius
603 4150 837 4235 adgrediendum
857 4149 1102 4233 (adgrediwnr'ni
1119 4153 1260 4233 mese).
1281 4164 1344 4213 eta
1366 4152 1467 4216 dnus
1484 4174 1559 4237 rupe

155 4260 272 4323 aspera.
