3850 4867
1564 332 1590 414 3

278 514 415 593 Omnia
440 512 632 609 homines,
665 513 734 620 qui
760 534 836 593 oete
860 511 1019 595 student
1039 524 1216 621 prestare
1243 509 1377 591 ceteris
1410 506 1590 589 animali·
1664 500 1667 505 ’
1720 586 1726 593 .

176 638 270 731 bue,
292 665 442 719 summa
476 669 548 748 ope
578 640 653 721 niti
674 639 799 733 decet,
833 664 884 717 ne
904 639 1025 719 vitam
1054 639 1205 715 silentio
1233 651 1446 727 trameant,
1469 633 1592 711 veluti

175 790 334 868 pecora,
360 794 458 871 quae
485 781 623 845 natura
652 791 775 870 prona
808 779 923 869 atque
956 764 1082 842 venui
1108 762 1322 839 obedientia
1348 759 1469 837 finxit
1518 756 1591 835 Sed

178 906 309 964 nostra
330 892 454 966 omnis
473 880 528 967 uis
542 890 584 969 in
608 890 737 967 animo
752 906 791 966 et
809 917 966 995 corpore
982 891 1057 972 ,sita
1081 905 1151 965 est:
1179 888 1299 963 animi
1315 886 1492 992 imperio,
1510 910 1592 959 cor·

179 1014 283 1115 poris
300 1014 452 1091 servitio
472 1016 589 1121 magis
606 1016 771 1111 utimur3
796 1014 960 1091 alterum
982 1014 1092 1090 nobis
1114 1040 1203 1089 cum
1222 1014 1296 1105 dis,
1322 1010 1487 1087 alterum
1503 1036 1592 1084 cum

179 1136 318 1211 belluis
348 1164 552 1215 commune
581 1156 643 1216 est
695 1138 784 1237 Quo
810 1136 907 1213 mihi
934 1138 1073 1213 rectius
1102 1138 1272 1229 videtur,
1306 1136 1451 1242 ingenii
1476 1162 1595 1237 quam

181 1259 325 1337 virium
346 1264 483 1366 opibus
503 1263 664 1368 gloriam
686 1288 870 1367 quaerere,
888 1279 942 1351 et,
971 1262 1157 1364 quoniam
1172 1262 1249 1336 vita
1269 1262 1367 1366 ipsa,
1397 1287 1473 1362 qua
1499 1257 1595 1333 frui-

186 1388 297 1476 mur,
323 1384 446 1463 brevis
467 1404 538 1478 est,
563 1388 786 1465 memoriam
806 1387 926 1463 nostri
938 1413 1057 1489 quam
1075 1412 1252 1461 maxume
1272 1386 1426 1491 longam
1440 1386 1595 1460 efficere.

181 1508 281 1581 Nam
304 1508 527 1585 divitiarum
556 1526 594 1586 et
617 1512 749 1588 lormae
776 1512 896 1616 gloria
930 1510 1035 1586 fluxa
1061 1528 1177 1613 atque
1202 1509 1346 1615 fragilis
1369 1524 1441 1603 est3
1477 1509 1597 1582 virtus

183 1630 288 1705 clara
311 1650 529 1737 aeternaque
545 1633 718 1711 habetur.
764 1636 836 1711 Sed
859 1636 928 1711 diu
954 1662 1138 1740 magnum
1160 1635 1261 1709 inter
1281 1634 1452 1709 mortalis
1478 1650 1597 1706 certa-

182 1756 384 1847 mensuit,
409 1759 497 1833 vine
519 1760 686 1863 corporis
710 1787 760 1834 an
781 1761 923 1837 virtute
944 1760 1064 1861 animi
1085 1786 1141 1834 res
1161 1757 1337 1833 militaris
1368 1758 1486 1862 magis
1509 1784 1599 1861 pro·

185 1879 341 1955 cederet.
380 1882 478 1957 Nam
510 1899 566 1973 et,
589 1884 696 1987 prius
720 1910 837 1986 quam
864 1882 1043 1987 incipias,
1071 1884 1262 1973 consulto,
1288 1899 1342 1973 et,
1368 1883 1436 1956 ubi
1463 1907 1598 1956 consu-

189 2004 324 2094 lueris,
353 2022 504 2082 mature
528 2006 628 2082 facto
650 2034 744 2111 opus
767 2024 830 2083 est.
864 2011 921 2081 Ita
940 2024 1150 2109 utrumque
1169 2033 1289 2111 perse
1305 2007 1492 2111 indigens,
1508 2005 1600 2080 alte

186 2154 276 2201 rum
295 2128 451 2205 alterius
480 2132 623 2207 auxilio
643 2148 732 2237 eget.
767 2132 890 2237 Igitur
913 2131 1026 2206 initio
1055 2134 1168 2235 Reges
1202 2130 1317 2226 (nam
1337 2130 1378 2205 in
1398 2132 1505 2205 terris
1524 2139 1625 2203 iro-²

185 2278 276 2327 men
303 2253 452 2357 imperii
477 2255 517 2330 id
532 2254 703 2360 primum
730 2256 846 2355 tuit),
886 2256 1043 2345 divorsi,
1077 2283 1164 2359 para
1185 2255 1400 2360 ingenium,
1423 2255 1490 2328 alii
1515 2281 1598 2329 cor·

185 2402 260 2480 pus
290 2379 533 2463 exercebant:
559 2380 779 2455 etiamtum
805 2380 882 2454 vita
911 2379 1117 2455 bominum
1137 2380 1219 2455 sine
1247 2380 1459 2483 cupiditate
1482 2378 1599 2483 agita·

184 2501 328 2591 batur,
362 2527 430 2618 sua
463 2505 603 2607 cuique
630 2504 718 2579 satis
753 2503 966 2608 placebant.
1025 2506 1153 2577 Postea
1178 2530 1266 2577 vero
1296 2530 1414 2605 quam
1444 2505 1486 2577 in
1513 2503 1598 2577 Asia
1645 2531 1649 2537 ·

254 2700 327 2781 Cap.
342 2724 368 2761 1.
403 2700 614 2761 animantibus.
637 2702 698 2761 Bas.
711 2703 739 2773 4.
761 2702 840 2761 Leid.
862 2704 888 2761 k.
901 2706 1013 2782 aliquot
1026 2702 1111 2761 Paris.
1136 2702 1232 2761 Guell.
1252 2727 1279 2783 7.
1297 2725 1326 2783 9.
1346 2724 1390 2761 12.
1410 2702 1601 2782 uterquelle-

188 2828 280 2865 mens.
299 2810 358 2867 inc.
381 2828 404 2864 ι.
426 2826 502 2864 unus
522 2808 635 2866 Wassii.
658 2808 811 2867 navitam.
841 2828 942 2865 omncs
971 2808 1032 2865 Bas.
1058 2808 1142 2865 Bern.
1161 2808 1257 2868 Turio.
1275 2807 1491 2867 Laid-Cottii
1513 2809 1601 2866 lectio

187 2932 222 2971 ex
243 2913 340 2971 Guelf.
365 2914 392 2971 5.
412 2933 556 2991 expressa,
579 2934 667 2993 quam
684 2915 783 2972 neseio
806 2934 844 2971 an
856 2912 1105 2994 Erlang.Tegern.
1126 2923 1155 2971 et
1174 2913 1289 2972 Parium.
1312 2914 1497 2977 confirment.
1515 2922 1603 2972 trun-

186 3018 296 3095 sigaut.
321 3017 425 3075 turta
444 3029 473 3079 r.
499 3038 539 3075 m.
561 3038 605 3097 pr.
624 3029 742 3099 mserpt.
762 3018 839 3077 Ririi
867 3029 894 3075 et
911 3017 1042 3075 Beroald.
1065 3029 1167 3077 nostro
1191 3018 1235 3078 vis
1255 3016 1359 3078 omnis.
1380 3016 1443 3075 Lib.
1468 3016 1507 3075 lI.
1529 3016 1600 3100 Reg.

191 3119 291 3187 Pemb.
312 3120 368 3179 sila
389 3130 438 3179 eat.
455 3140 557 3178 omnes
577 3120 654 3180 libri.
676 3124 862 3182 din'omnes
876 3122 928 3181 lib.
951 3120 1048 3180 beluis.
1067 3123 1148 3181 Leid.
1166 3146 1192 3181 a.
1208 3123 1238 3181 b.
1260 3146 1286 3183 c.
1312 3123 1341 3181 d.
1362 3144 1390 3204 g.
1411 3125 1431 3180 i.
1448 3123 1475 3179 k.
1495 3125 1515 3180 l.
1537 3122 1599 3180 Bae.

193 3248 219 3283 r.
244 3226 328 3283 bern.
352 3246 376 3283 1.
396 3224 500 3284 rectius
520 3227 642 3285 caletur.
664 3226 725 3285 Bas.
751 3228 779 3286 3.
803 3227 900 3285 Guerf.
927 3226 954 3284 6.
976 3238 1095 3307 uterque
1115 3228 1199 3285 llem.
1226 3230 1283 3287 inc.
1312 3248 1335 3285 1.
1351 3226 1465 3308 Regius.
1485 3225 1599 3285 rectius.

188 3332 269 3390 abest
296 3354 311 3391 n
334 3341 421 3411 mspt.
442 3330 585 3405 putschii,
607 3332 707 3390 molius
730 3330 817 3389 habet
836 3330 943 3389 Colon.
970 3331 1124 3389 Palmerius
1144 3333 1200 3412 legi
1219 3334 1322 3410 jussit:
1344 3351 1400 3409 quo
1423 3330 1499 3389 mihi
1516 3332 1602 3391 vide-

191 3446 251 3495 tur.
274 3434 481 3495 Essevidetur.
501 3435 634 3509 Parisini,
649 3447 792 3516 quantum
805 3439 872 3497 licet
885 3443 1057 3514 conjectare.
1078 3435 1145 3493 Tur.
1171 3457 1194 3494 1.
1217 3458 1244 3495 2.
1263 3437 1348 3495 Bern.
1367 3458 1391 3495 ι.
1410 3457 1438 3495 2.
1451 3436 1479 3496 3.
1492 3436 1554 3495 Bao.
1572 3458 1600 3497 2.

193 3542 222 3611 l.
246 3542 363 3599 Martia.
398 3540 515 3599 videtur·
530 3560 594 3599 esre.
616 3541 696 3600 Leid.
718 3541 747 3599 d.
766 3542 787 3599 l.
805 3563 832 3623 g.
853 3539 883 3599 b.
907 3543 926 3599 i.
946 3542 974 3599 k.
995 3544 1016 3599 l.
1035 3540 1096 3598 Bas.
1121 3562 1146 3599 ι.
1172 3542 1264 3600 Mart.
1289 3555 1318 3605 r·
1347 3541 1444 3602 Guell.
1468 3563 1497 3602 2.
1519 3542 1548 3602 3.
1571 3544 1600 3613 l.

201 3668 247 3703 ro.
267 3666 312 3705 ι2.
334 3648 393 3705 inc.
413 3666 440 3703 2.
462 3646 562 3704 Vinar.
586 3655 679 3726 uterq.
696 3644 815 3703 Eccard.
840 3643 925 3703 Febr.
945 3666 971 3703 1.
987 3645 1075 3704 dead.
1094 3647 1153 3705 Erl.
1166 3647 1234 3728 Teg.
1246 3646 1372 3727 fragilia
1385 3657 1435 3707 est.
1452 3658 1492 3707 est
1509 3648 1602 3707 omit-

192 3761 260 3811 tunt
274 3750 336 3809 Bas.
355 3772 379 3810 ι.
394 3772 422 3810 2.
440 3761 468 3809 et
485 3749 569 3808 Febr.
586 3750 673 3811 Rivii.
685 3752 811 3809 retinent
831 3750 892 3809 Bas.
916 3749 944 3811 3.
961 3750 990 3819 4.
1009 3770 1110 3810 omnes
1124 3752 1204 3811 Leid.
1224 3752 1309 3813 Paris.
1335 3752 1394 3811 Erl.
1412 3753 1480 3836 Teg.
1500 3753 1597 3815 Turie.

197 3878 223 3914 r.
243 3876 270 3915 2.
296 3855 380 3916 Bern.
405 3856 429 3915 ι.
455 3876 483 3916 2.
502 3856 531 3915 3.
555 3854 676 3935 indiget.
703 3854 783 3919 Leid.
806 3857 826 3914 s.
844 3857 864 3914 i.
887 3855 914 3914 k.
937 3856 997 3915 Erl.
1020 3856 1104 3915 Paris.
1118 3879 1143 3917 e.
1165 3857 1292 3937 indaget.
1308 3858 1387 3917 leid.
1407 3882 1448 3918 m.
1465 3870 1598 3939 augetur.

194 3961 317 4033 Laide
333 3972 424 4041 reget.
443 3962 525 4021 inv.
552 3960 603 4019 lib.
624 3964 680 4043 logi
699 3960 904 4023 animadvertit
925 3960 1045 4021 Palmer.
1071 3963 1176 4043 quibus
1198 3962 1334 4023 accedere
1350 3963 1488 4026 videntur
1517 3964 1599 4024 leid.

194 4072 218 4129 l.
232 4084 257 4123 e.
275 4070 295 4127 f.
316 4065 366 4125 sed
382 4068 468 4125 ceteri
486 4086 588 4125 omne·
606 4066 686 4125 Leid.
700 4065 762 4126 Bas.
774 4066 858 4125 bern.
873 4066 969 4125 Tuu'e.
992 4066 1089 4127 Guell.
1109 4069 1212 4129 Waesii
1228 4078 1299 4148 eget.

261 4170 334 4253 Cap.
348 4192 375 4231 2.
398 4170 486 4227 etiam
505 4180 577 4228 tum.
596 4172 635 4230 ita
651 4182 713 4252 opt.
736 4171 824 4231 codd.
840 4190 942 4230 omnes
953 4171 1034 4230 Leid.
1052 4172 1114 4231 Bae.
1133 4173 1217 4233 Rem.
1240 4194 1268 4233 2.
1289 4173 1318 4233 5.
1339 4171 1436 4233 Tun‘e.
1457 4195 1481 4231 1.
1499 4194 1538 4231 m.
1556 4195 1603 4253 pr.

194 4279 284 4339 Turio
304 4300 331 4337 2.
347 4272 499 4357 augustin.
515 4274 549 4334 C.
559 4274 596 4335 D.
614 4276 667 4335 111.
686 4298 733 4337 ιο.
754 4278 837 4339 urbes
851 4275 993 4339 nationeo.
1009 4276 1073 4337 Bas.
1088 4299 1113 4337 r.
1130 4288 1226 4357 utque.
1241 4298 1267 4338 a.
1287 4298 1326 4336 m.
1343 4297 1398 4337 aee.
1415 4289 1606 4360 expunctruu.

1218 4384 1235 4415 e
