3850 4867
362 312 408 405 ¹4

364 498 443 574 rius
472 496 621 571 bonum
643 495 859 600 exemplum
884 510 1034 574 secutus
1073 510 1112 573 et
1143 496 1242 603 ipsos
1270 497 1408 575 ductus
1437 500 1637 577 literarum
1662 502 1766 578 anti-

242 704 246 713 ¹
363 638 459 717 quos
480 612 650 687 imitatus
672 636 747 686 esse
767 613 940 703 videtum
958 614 1023 688 sed
1048 640 1134 715 quae
1150 613 1225 687 suit
1244 612 1410 691 bominis
1427 617 1632 721 imperitia,
1647 616 1765 692 etiam

365 730 501 839 glossas
525 728 667 831 recepit
687 743 725 801 et
743 730 946 803 verborum
968 728 1141 804 ordinem
1160 731 1337 805 turbavit

451 866 541 932 Catil.
568 890 633 948 cap.
649 872 678 932 1.
699 870 911 929 animantibus.
941 874 974 936 3.
993 870 1097 952 ibique
1120 874 1214 929 multa
1238 870 1357 929 adversa
1383 874 1473 943 suere.
1501 868 1532 937 4.
1560 871 1766 951 explananda,

368 988 469 1051 quam.
500 966 530 1031 6.
548 970 723 1024 coaluerunt
741 998 760 1013 -
780 966 1078 1047 dominationemque
1112 968 1257 1026 convertit
1285 966 1335 1045 (se
1350 990 1456 1028 manus
1478 990 1536 1039 sec.
1556 968 1700 1047 addidit).
1734 967 1767 1040 7,

368 1066 494 1124 simulac
521 1062 630 1121 laboris
657 1062 728 1121 belli
748 1094 767 1109 -
786 1064 828 1121 sic
848 1064 973 1142 quisque
993 1061 1139 1142 -quibus
1158 1065 1242 1127 locis.
1272 1070 1302 1127 8.
1316 1066 1403 1124 sicuti
1427 1066 1560 1124 existimo
1579 1096 1599 1111 -
1618 1066 1768 1138 minores,

253 1236 257 1243 ι
371 1178 461 1241 qnam
485 1158 563 1216 rama
583 1189 602 1204 ··
623 1159 771 1216 lecerees.
804 1163 834 1227 9.
846 1178 876 1217 se
895 1178 1017 1239 remque
1032 1158 1194 1239 publicam.
1226 1165 1274 1225 18.
1294 1172 1358 1219 tum
1380 1162 1552 1241 pessimum.
1570 1166 1632 1231 19.
1644 1162 1677 1219 in
1694 1180 1770 1241 pro-

309 1260 320 1275 '
368 1258 509 1318 vinciam.
529 1258 580 1317 20.
594 1273 686 1333 quom
708 1253 832 1317 tabulas.
853 1260 984 1318 21.cum
1010 1276 1045 1314 eo
1060 1276 1090 1315 se
1108 1254 1248 1315 Consule.
1277 1262 1325 1321 22
1343 1261 1413 1317 ficta
1432 1256 1503 1316 baec.
1531 1260 1582 1322 28.
1601 1256 1655 1315 ubi
1675 1258 1770 1316 intel-

370 1355 452 1413 lcxit.
467 1356 518 1422 30,
529 1372 598 1409 nam
609 1351 797 1429 utrique.3.l.
813 1372 903 1430 quom
922 1360 950 1409 et
960 1352 1075 1414 alienis.
1089 1355 1139 1415 38·
1153 1362 1197 1409 est
1207 1356 1349 1414 restituta.
1371 1359 1421 1423 39.
1434 1356 1523 1413 erexit
1539 1386 1559 1401 -
1578 1354 1672 1413 isdem
1690 1364 1771 1413 tem·

371 1448 507 1531 poribus.
536 1445 585 1512 40·
602 1448 767 1527 negotiatus
786 1457 859 1504 esset
878 1480 897 1493 -
915 1449 960 1505 uti
978 1449 1024 1506 sui
1035 1449 1229 1507 misereretur.
1251 1450 1301 1516 45.
1317 1453 1385 1532 quis
1402 1452 1472 1522 sim.
1502 1449 1553 1518 47.
1573 1452 1622 1510 eui
1643 1452 1769 1509 letatum

374 1556 437 1605 erat
455 1576 474 1591 -
493 1564 585 1623 quom
604 1544 685 1622 prius
704 1574 724 1589 -
743 1540 897 1601 abdicatus
917 1564 934 1600 a
953 1545 1134 1624 magistratu.
1163 1546 1213 1612 51.
1228 1568 1335 1629 magna
1356 1559 1400 1605 est
1413 1544 1489 1605 mihi
1508 1578 1528 1593 -
1547 1557 1582 1606 ut
1602 1547 1676 1605 isin
1696 1564 1773 1625 pro·

372 1638 724 1721 scriptorum-exercitus
740 1638 824 1696 sitin
840 1660 941 1703 manu,
962 1640 1014 1705 53.
1026 1660 1115 1720 quare
1134 1661 1226 1720 quom
1248 1678 1264 1688 -
1282 1663 1407 1724 magnus
1427 1652 1516 1723 atque
1535 1646 1639 1702 clarus.
1658 1642 1709 1705 55.
1721 1660 1773 1699 ae-

374 1738 508 1801 cenderis
527 1768 546 1783 -
564 1735 713 1795 dimissus.
733 1737 783 1799 58.
796 1755 856 1814 quo
872 1740 940 1796 loco
959 1768 980 1785 -
998 1736 1196 1821 adgredimini
1215 1770 1235 1787 ··
1254 1760 1347 1821 quom
1367 1760 1429 1801 ros.
1451 1737 1501 1805 60.
1522 1742 1656 1821 utrisque
1678 1758 1712 1799 ex
1724 1741 1773 1798 la·

313 1852 317 1857 '
376 1836 498 1897 teribus.

457 1971 611 2051 Jugartha
628 1992 693 2052 cap.
710 1976 738 2037 1.
759 1974 806 2032 sui
835 1982 950 2032 natura.
972 1978 1003 2037 2.
1020 1974 1122 2034 animo
1143 1984 1173 2035 et
1200 1994 1323 2055 corpore
1341 2007 1360 2023 -
1380 1982 1410 2034 et
1425 1976 1483 2034 alia
1504 1970 1720 2052 hujuscemodi.
1741 1969 1772 2036 6.

375 2070 492 2150 primus
507 2070 602 2133 ferire.
633 2066 663 2135 7.
676 2071 762 2129 facile
781 2090 954 2129 occasurum
975 2072 1110 2131 -Publii
1130 2074 1288 2152 Scipionis.
1324 2076 1374 2137 10.
1388 2072 1453 2131 vitre
1466 2074 1557 2131 finem
1577 2069 1649 2128 iacit
1666 2102 1684 2115 -
1705 2087 1776 2127 mo-

377 2176 523 2224 numenta
540 2166 670 2244 plurima
687 2177 766 2230 sunt.
798 2164 845 2233 17.
858 2166 1020 2242 diversum,
1042 2178 1151 2236 temen.
1184 2173 1233 2238 19.
1246 2167 1382 2227 Numidae
1396 2200 1416 2214 -
1436 2177 1508 2230 erat.
1538 2172 1589 2231 20.
1608 2165 1775 2233 discutere.

268 2259 271 2264 ’
378 2260 430 2329 27.
445 2262 561 2340 aliaque
579 2260 659 2320 bello
673 2265 741 2321 usui
761 2264 867 2326 forent.
888 2246 938 2326 31.
953 2284 1014 2344 quo
1030 2266 1123 2345 magis
1142 2262 1278 2324 dedecus.
1310 2268 1360 2327 32.
1371 2262 1472 2322 Romae
1491 2274 1619 2343 aguntur
1637 2293 1657 2309 ·
1675 2261 1776 2341 pluri-

379 2380 431 2418 ma
447 2356 675 2438 flagitiosissima
694 2391 714 2406 -
733 2359 838 2419 timido
856 2381 890 2418 ex
904 2363 1085 2420 conscientia
1105 2360 1264 2420 diffidenti.
1292 2364 1340 2424 33.
1351 2361 1447 2418 socios
1464 2380 1533 2417 suos
1552 2360 1628 2418 tenti
1647 2356 1775 2420 sceleris.

382 2454 434 2523 37.
458 2457 575 2533 aliaque
596 2456 715 2535 incepto
734 2486 754 2503 -
774 2458 906 2514 tumultu
929 2458 1058 2536 percussi
1075 2458 1208 2528 insolito.
1226 2455 1277 2521 42.
1291 2456 1443 2515 desereret.
1462 2454 1513 2521 46.
1524 2466 1708 2535 opportunos
1722 2471 1780 2512 oo-

381 2561 498 2632 gnorat.
526 2551 574 2613 50.
590 2550 793 2610 Romanorum
808 2552 902 2615 turba.
934 2553 984 2617 52.
999 2573 1061 2611 non
1089 2555 1189 2632 prrelio
1209 2574 1307 2633 neque
1326 2554 1399 2611 acie.
1428 2554 1481 2616 55.
1497 2553 1586 2609 latius
1604 2559 1778 2610 crescerent.

383 2647 435 2717 60.
471 2648 626 2725 paululum
656 2647 757 2705 modo.
807 2646 859 2711 62.
890 2647 947 2705 sibi
977 2647 1111 2706 Numidae
1138 2652 1309 2709 consultent
1326 2682 1346 2697 ··
1374 2650 1508 2708 accersiri
1528 2681 1547 2696 ··
1573 2649 1674 2715 sumit.
1713 2644 1780 2703 Ro·

384 2766 449 2809 rnae.
470 2742 520 2809 68.
534 2744 592 2817 ire,
614 2744 707 2825 signa.
726 2742 776 2813 69.
790 2746 925 2817 utierat,
944 2743 1108 2803 Metellum.
1128 2742 1179 2810 70.
1195 2746 1227 2803 in
1246 2745 1312 2825 quis
1331 2746 1504 2804 molliciem.
1524 2742 1576 2811 76.
1600 2763 1662 2803 uno
1680 2742 1728 2802 die
1744 2762 1782 2801 ae

386 2851 474 2900 nocte
492 2873 511 2886 -
530 2840 614 2917 jubet
630 2840 747 2899 duobus
763 2842 846 2899 locis.
873 2838 927 2907 77.
942 2843 1084 2922 gnaviter.
1113 2840 1165 2911 79.
1178 2862 1239 2922 quo
1253 2845 1337 2906 fines.
1367 2846 1418 2907 88.
1437 2840 1546 2900 hebere
1567 2860 1635 2898 eum
1655 2837 1781 2918 -plebe

384 2938 498 2998 solenti
513 2938 665 3007 militiam.
686 2938 736 3008 85.
752 2938 866 2997 iaciunt
882 2938 961 2997 idem
982 2970 1002 2985 -
1020 2959 1086 2997 mea
1102 2940 1178 2997 iacta
1196 2939 1294 2998 dicere
1314 2941 1385 2998 licet
1403 2970 1422 2985 -
1442 2959 1476 2997 ex
1491 2938 1585 2998 enimi
1598 2936 1743 2995 sententie
1762 2966 1783 2981 ·

386 3034 501 3094 bouum
518 3034 654 3091 animum
673 3031 821 3092 habetote.
843 3041 895 3105 89.
907 3037 1013 3114 procul
1031 3034 1130 3093 abesse
1147 3035 1236 3093 aliis·
1247 3033 1315 3093 libis
1330 3033 1558 3094 memorabatur.
1581 3038 1633 3103 91.
1651 3028 1782 3090 infidum

386 3141 449 3191 erat
461 3164 480 3177 -
499 3129 696 3195 coercebatur.
718 3134 768 3199 93.
784 3132 919 3191 animum
939 3132 1085 3189 convertit
1103 3162 1122 3177 -
1141 3133 1300 3209 paululum
1320 3130 1421 3190 modo.
1444 3133 1494 3200 95.
1512 3152 1551 3190 en
1566 3131 1665 3211 pigeat
1677 3129 1782 3209 magis.

387 3226 437 3311 96.
459 3230 491 3287 in
509 3230 620 3308 vigitiis
638 3232 757 3286 multus.
786 3226 836 3295 97.
849 3228 1046 3286 difficiliorem
1065 3246 1134 3286 esse.
1162 3232 1215 3296 98.
1233 3248 1336 3307 quom.
1368 3232 1437 3292 100.
1456 3228 1489 3285 in
1515 3224 1639 3285 hiberna
1658 3247 1666 3281 e
1688 3242 1785 3305 prop-

389 3336 443 3389 ter.
475 3328 543 3388 101.
563 3327 669 3384 morati
694 3326 811 3383 fuerant
830 3357 848 3370 -
868 3326 980 3403 primos
1001 3334 1063 3383 erat
1080 3356 1100 3370 -
1120 3324 1258 3404 plurimis
1286 3335 1348 3383 erat
1365 3356 1386 3371 -
1412 3324 1540 3382 occurrit
1560 3322 1679 3380 auxilio·
1712 3324 1782 3390 102.

390 3423 523 3502 pervenit
538 3422 686 3501 oppidum
707 3452 727 3469 ·
746 3442 838 3501 quom
858 3452 877 3467 -
896 3422 945 3478 cni
967 3422 1080 3479 scilicet
1097 3422 1280 3499 complacuit
1296 3452 1316 3467 -
1335 3419 1457 3479 demitte
1469 3452 1489 3467 -
1503 3419 1619 3499 expulit
1631 3452 1650 3466 -
1669 3416 1786 3477 obmit-

392 3528 459 3585 tere.
481 3521 549 3581 103.
564 3520 710 3595 permittit
728 3519 799 3597 ipsis
817 3550 837 3564 -
856 3528 907 3575 aut
921 3517 1118 3576 benivolentia
1133 3537 1201 3579 esse.
1224 3516 1293 3580 104.
1316 3538 1420 3597 quom.
1448 3518 1513 3588 105.
1533 3516 1675 3575 arbitratu
1697 3535 1786 3574 eom-

393 3612 533 3672 munibus
551 3646 569 3659 -
589 3616 723 3693 equitum
738 3613 883 3693 perlitum.
907 3612 976 3677 106.
992 3614 1120 3671 occurrit
1137 3644 1157 3660 -
1176 3614 1282 3671 totiens
1293 3646 1312 3659 -
1332 3633 1435 3692 quom.
1459 3612 1528 3679 107.
1540 3610 1753 3689 baberet,spes
1766 3642 1786 3659 ι-

394 3730 462 3771 cum
479 3711 581 3789 ipsius.
605 3713 674 3773 108.
687 3714 816 3790 populus
834 3708 988 3767 Romanus
1008 3730 1071 3789 quae
1082 3714 1171 3769 vellet
1189 3742 1209 3756 -
1227 3708 1392 3781 Romanos,
1411 3709 1582 3780 Numidam.
1616 3713 1687 3773 110.
1709 3718 1786 3766 terra

392 3807 450 3869 hac
470 3808 605 3865 omnium
623 3809 883 3887 opulentissimus,
903 3827 978 3886 quos
995 3840 1014 3853 -
1034 3808 1121 3866 suerit
1136 3804 1210 3866 mibi
1230 3808 1373 3885 precium.
1395 3810 1464 3869 111.
1479 3808 1608 3865 multum
1620 3804 1756 3863 disseruit
1767 3835 1788 3849 ·

394 3905 535 3985 ingratia
554 3902 706 3961 habituros
727 3952 741 3962 .
764 3924 851 3982 quern
867 3903 890 3961 si
910 3904 1075 3962 tradidisset
1093 3936 1112 3949 -
1129 3913 1257 3982 peteret,
1278 3905 1356 3961 ultro
1370 3902 1561 3962 adventuram
1582 3933 1601 3951 -
1620 3902 1731 3961 lenitur
1746 3910 1786 3959 et.

395 4005 466 4066 112.
477 3999 704 4059 condicionibus
721 4028 741 4048 ·
761 4004 814 4059 aut
832 4020 902 4078 pop.
916 3998 1005 4058 llom.
1027 4004 1096 4063 113.
1111 3999 1260 4078 promittit
1278 4031 1297 4044 -
1316 4001 1384 4058 loeo
1402 4002 1563 4059 constituto
1578 4007 1608 4060 et
1624 4006 1757 4079 tempore
1769 4028 1789 4043 ·

395 4101 512 4156 occulta
527 4098 709 4177 patefecisset
727 4128 747 4143 -
766 4094 842 4153 Tum
862 4106 1010 4175 postremo
1029 4095 1200 4157 -accersiri
1219 4127 1238 4143 ·
1258 4096 1456 4156 enuntiatum.
