3850 4867
1496 310 1577 403 289ί

159 478 208 554 tis
229 478 463 573 efferebaris,
490 501 554 575 ut,
580 512 665 590 quse
687 487 765 591 ipse
791 487 942 591 corpori
965 502 1031 561 tuo
1058 484 1185 589 turpia
1209 512 1290 560 non
1319 484 1501 574 duruses,
1528 484 1570 559 in

51 624 52 627 ’
162 602 245 677 aliis
274 610 505 710 experireris.
557 613 612 685 Ita
644 638 723 684 non
749 626 803 684 est
827 609 939 685 facile
970 626 1173 713 exputare,
1193 612 1319 683 Patres
1341 607 1567 713 conscripti,

156 746 297 805 utrum
324 730 646 808 inhonestioribus
673 734 840 835 corporis
862 733 1036 836 partibus
1060 759 1141 807 rem
1161 731 1371 830 quesierit,
1396 758 1447 825 an
1473 732 1568 807 ami-

156 853 254 927 serit
299 857 469 931 Domum
492 874 693 960 paternam
715 857 803 931 viro·
826 872 934 960 patre
960 856 1174 959 turpissime
1203 855 1375 931 venalem
1410 853 1569 942 habuit,

51 962 52 967 ἵ
154 976 342 1053 uendidit
368 981 419 1054 Et
436 980 499 1056 cui
521 980 686 1056 dubium
701 996 823 1084 potest
837 1006 928 1071 esse,
950 980 1048 1082 quin
1069 979 1167 1053 mori
1185 978 1347 1081 coegerit
1363 1005 1471 1069 eum,
1489 1006 1568 1082 quo

156 1095 221 1175 hio
246 1102 427 1178 nondum
448 1118 601 1178 mortuo
624 1124 695 1205 pro
722 1102 860 1179 herede
891 1104 1041 1208 gesserit
1065 1103 1219 1178 omnia?
1255 1104 1387 1204 Neque
1403 1102 1524 1205 pudet
1545 1131 1567 1177 a

156 1246 216 1297 me
237 1251 332 1301 eum
357 1252 545 1328 quaerere,
577 1226 662 1329 quis
685 1226 727 1303 in
751 1231 787 1301 P.
820 1228 939 1303 Crassi
962 1226 1077 1302 domo
1098 1225 1263 1319 habitet,
1292 1251 1382 1299 cum
1408 1227 1486 1330 ipse
1511 1252 1569 1301 re-
1594 1217 1601 1227 ⁵

51 1414 52 1417 ,
153 1348 345 1449 spondere
367 1377 447 1426 non
464 1366 598 1453 queat,
626 1351 711 1453 quis
732 1350 772 1425 in
794 1350 911 1454 ipsius
931 1350 1079 1425 habitet
1091 1365 1251 1453 paterna
1264 1346 1386 1425 domo.
1420 1347 1568 1425 Ather-

154 1470 265 1546 oulc!
295 1472 431 1577 lapsus
448 1474 569 1549 etatis
600 1473 793 1564 tirocinio,
825 1489 953 1578 postea
987 1500 1064 1549 sese
1090 1474 1262 1548 correxit
1308 1475 1393 1547 Non
1417 1474 1470 1548 ita
1491 1490 1565 1549 est:

153 1593 220 1669 sed
255 1596 355 1671 abiit
380 1598 422 1672 in
450 1596 670 1673 sodalitium
697 1597 880 1703 sacrilegii
906 1597 1126 1701 Nigidiani:
1159 1596 1219 1671 bis
1241 1596 1378 1671 iudicis
1399 1597 1450 1673 ad
1476 1598 1567 1673 sub·

154 1740 170 1789 s
225 1718 264 1795 ia
291 1735 494 1809 attractus,
521 1737 687 1797 extrema
708 1721 864 1797 fortuna
893 1720 1020 1795 stetitr
1046 1736 1086 1795 et
1113 1720 1167 1795 ita
1192 1719 1376 1811 discessit,
1398 1722 1458 1796 uti
1484 1750 1566 1799 non

155 1838 219 1916 bic
237 1844 426 1919 innocens
450 1870 541 1934 esse,
566 1844 630 1921 sed
654 1843 796 1919 iudices
817 1844 999 1949 peierasse
1024 1844 1340 1919 existimarentur.
1392 1844 1564 1921 Primum

155 1966 347 2043 bonorem
372 1968 414 2041 in
434 1984 622 2070 quoestura
647 1966 827 2071 adeptus,
853 1967 1026 2063 [secutus
1039 1967 1116 2063 est]
1139 1964 1246 2042 hunc
1264 1967 1393 2041 locum
1405 1984 1443 2043 et
1455 1966 1563 2043 bunc

155 2091 341 2168 ordinem
357 2091 549 2196 despexit:
576 2091 685 2166 cuius
710 2090 834 2167 aditus
850 2089 922 2163 sibi
941 2116 1109 2192 quoque,
1133 2089 1389 2165 sordidissimo
1409 2087 1560 2165 bomini

154 2217 348 2316 patuisset.
381 2217 516 2316 Itaque
538 2212 691 2303 timens,
726 2238 776 2287 ne
796 2212 966 2319 facinora
988 2213 1068 2287 eius
1099 2213 1199 2287 clam
1217 2240 1281 2287 ros
1302 2229 1442 2303 essent,
1468 2242 1559 2289 cum

157 2340 340 2415 omnibus
360 2354 529 2412 matrum
546 2335 780 2411 familiarum
804 2336 894 2410 viris
911 2336 1121 2440 opprobrio
1142 2352 1251 2425 esset,
1276 2335 1464 2411 coufessus
1490 2355 1560 2426 est,

155 2464 263 2538 vobis
289 2462 551 2548 audientibus,
576 2460 836 2547 adulterium,
860 2485 930 2533 neo
950 2460 1107 2534 erubuit
1128 2486 1194 2533 ora
1217 2476 1345 2533 vestra.
1391 2461 1590 2552 Vixeris‚6

156 2588 216 2661 uti
241 2588 359 2674 libet,
385 2585 544 2676 Salusti;
577 2583 712 2687 egeris,
748 2608 834 2684 quae
854 2581 1040 2672 volueris;
1067 2582 1155 2657 satis
1177 2582 1242 2672 sit,
1268 2610 1394 2658 unum
1416 2599 1454 2658 te
1476 2601 1560 2661 tuo·

157 2736 247 2784 rum
268 2710 452 2785 scelerum
482 2735 556 2783 esse
584 2707 801 2795 conscium
835 2706 916 2780 noli
944 2706 1054 2781 nobis
1083 2706 1305 2810 languorem
1329 2726 1368 2783 et
1389 2716 1563 2813 soporem

156 2832 326 2908 nimium
347 2832 581 2936 exprobrare.
629 2833 766 2905 Sumus
786 2828 982 2933 diligentes
1009 2828 1050 2902 in
1080 2828 1223 2903 tuenda
1250 2832 1437 2934 pudicitia
1467 2861 1563 2910 uxo·

157 2982 246 3033 rum
276 2973 520 3032 nostrarum:
552 2955 695 3031 sedita
730 2952 936 3055 experrecti
962 2978 1043 3025 non
1074 2977 1218 3043 sumus,
1245 2969 1292 3027 ut
1320 2982 1343 3028 a
1365 2971 1402 3031 te
1430 2984 1559 3033 cavere

157 3083 348 3183 possimus.
385 3079 554 3155 Audacia
576 3096 641 3152 tua
668 3060 797 3152 vincit
810 3073 935 3149 studia
962 3089 1099 3147 nostra.
1137 3076 1297 3177 Ecquod
1320 3076 1466 3151 sactmn
1490 3095 1559 3153 aut
1590 3178 1594 3183 .

157 3204 306 3282 dictum
338 3220 450 3309 turpe
474 3203 582 3277 bunc
612 3225 761 3275 movere
780 3196 910 3302 possit,
945 3199 1073 3271 Patres
1095 3194 1316 3300 conscripti,
1341 3224 1457 3300 quem
1475 3226 1556 3275 non

156 3450 216 3513 Bas.
239 3449 421 3513 intirocinio
441 3448 492 3508 lc.
512 3445 661 3525 sacrilegii
680 3444 729 3505 lc.
750 3442 828 3507 Gnd.
850 3442 892 3502 bis
905 3442 947 3501 ed
963 3442 1025 3502 iud.
1046 3440 1126 3500 Leid.
1139 3462 1164 3502 c.
1186 3442 1237 3502 hic
1254 3442 1403 3503 inuocem.
1423 3443 1474 3502 hic
1493 3464 1554 3503 om.

159 3554 237 3618 Gud.
259 3557 309 3616 iu'c
329 3576 389 3616 non
410 3554 492 3617 Leid.
506 3574 531 3611 c.
552 3560 662 3611 secutus
677 3560 718 3610 est
735 3550 815 3609 hunc
832 3548 928 3607 locum
944 3555 972 3605 ct
992 3547 1072 3605 hunc
1088 3547 1225 3605 orrliucm
1241 3549 1386 3627 depectus
1412 3549 1473 3607 lias.
1500 3552 1555 3609 ὼ-

158 3673 266 3743 spectus
285 3672 313 3722 ct
333 3659 426 3719 Cottii
447 3658 524 3717 libri.
544 3654 624 3715 Laid.
639 3676 664 3714 c.
687 3653 748 3733 (sed
764 3662 875 3713 mustus
898 3651 957 3730 cst)
978 3670 1040 3713 om.
1063 3651 1143 3731 quod
1157 3650 1297 3712 Gruterus
1310 3655 1343 3711 in
1357 3655 1471 3734 aliquot
1487 3653 1554 3713 Mas.

160 3770 294 3850 repperit.
315 3761 566 3845 desperitcrncnd.
589 3760 670 3819 Cort.
691 3759 769 3818 clam
786 3777 839 3817 uos
849 3756 925 3816 Gud.
940 3756 1024 3815 Rem.
1045 3755 1126 3815 elom
1136 3756 1288 3817 nebride.
1308 3758 1386 3818 clam
1401 3757 1483 3819 vobis
1494 3760 1553 3819 ine.

160 3870 238 3939 oud.
260 3870 413 3954 opprobrio
429 3866 509 3927 vobis
523 3874 665 3945 suspectus
683 3862 764 3923 Laid.
776 3884 802 3922 c.
815 3862 1008 3938 familiarum
1021 3860 1119 3920 vestris
1137 3882 1194 3941 pro
1203 3862 1315 3923 vestris,
1333 3863 1416 3944 quod
1428 3864 1465 3923 in
1485 3884 1554 3923 om.-

159 3978 242 4041 uibns
260 3980 317 4039 lere
332 3976 413 4037 libris
434 3984 492 4045 est,
513 3980 588 4031 recto
607 3969 794 4029 emendatum
813 3966 894 4027 viru.
916 3986 980 4027 nec.
997 3964 1109 4025 crubuit
1129 3965 1191 4026 Bas.

162 4080 231 4167 Cap,
244 4086 273 4147 6.
294 4104 350 4148 asse
365 4078 513 4143 conscium
532 4076 594 4136 baa.
613 4073 695 4133 Laid.
712 4094 738 4135 c.
751 4075 875 4150 scotum
891 4092 928 4133 oc
942 4071 1056 4135 dictum
1073 4079 1157 4150 turpe
1179 4071 1259 4134 bunc
1278 4092 1353 4135 mov.
1366 4091 1430 4155 pot.
1455 4071 1494 4133 P.
1515 4070 1551 4137 C.

1101 4206 1150 4302 ⁵7
