3850 4867
381 316 434 411 48

494 428 499 467 l
1899 443 1900 456 r

380 532 538 603 eorum,
557 534 645 614 quae
663 525 919 606 mutaveram,
939 513 1019 623 jam
1040 542 1120 593 non
1135 512 1251 593 modo
1269 510 1486 619 probabilia
1503 508 1569 588 sed
1587 525 1694 588 extra
1710 538 1809 589 om·

379 650 472 700 nem
498 625 781 705 dubitationem
801 631 922 735 posita
951 633 1048 727 sint3
1086 632 1162 707 alia
1194 646 1346 719 contra,
1370 655 1458 733 quae
1487 629 1637 703 Curtius
1666 628 1808 704 invitis

381 739 489 817 libris
509 743 785 835 emendaverat,
813 747 929 823 Codd.
945 749 1173 824 auctoritate
1188 746 1400 822 firmentur.
1429 747 1518 842 Qua
1535 746 1577 821 in
1599 772 1640 821 re
1657 746 1808 849 saepius

379 858 541 933 miratus
570 884 655 935 sum
672 861 878 937 doctissimi
899 864 972 937 viri
995 864 1308 969 intelligentiam,
1337 862 1406 965 qui
1422 862 1502 937 solo
1538 860 1684 965 ingenii
1704 888 1808 935 acu·
1901 905 1902 910 =

379 972 486 1049 mine
499 1000 587 1050 usus
603 1002 668 1051 seu
683 978 810 1081 potius
823 979 992 1081 quadam
1005 980 1125 1054 animi
1141 979 1377 1054 divinatione
1392 994 1595 1081 permotus,
1615 978 1804 1053 omnibus

380 1114 476 1191 quos
509 1110 736 1196 cognoverat
777 1094 883 1168 libris
908 1095 1236 1201 repugnantibus,
1269 1121 1290 1168 a
1313 1094 1560 1168 librariorum
1581 1093 1710 1195 glossis
1728 1094 1804 1167 Sa-

379 1204 484 1283 lustii
508 1232 719 1285 sermonem
757 1210 938 1293 defendit.
976 1212 1066 1302 Sed,
1089 1229 1134 1285 ut
1158 1238 1202 1287 eo
1228 1226 1441 1285 revertatur
1460 1267 1470 1300 ,
1487 1208 1593 1283 unde
1621 1208 1801 1313 profecta

379 1339 434 1399 est
442 1326 584 1414 oratio,
603 1326 863 1429 gravissimum
880 1327 999 1413 duco,
1025 1326 1131 1430 quod
1148 1326 1327 1431 plurimis
1346 1325 1465 1407 codd.
1487 1326 1713 1399 examinatis
1733 1326 1802 1402 in·

380 1439 562 1515 tellexisse
578 1440 676 1515 mihi
696 1440 842 1533 videor,
868 1459 1061 1547 quantum
1075 1444 1265 1519 librorum
1286 1441 1517 1530 auctoritati,
1540 1457 1580 1515 et
1598 1458 1799 1543 quantum

378 1552 524 1659 judicio
545 1556 794 1633 tribuendum
812 1558 872 1643 sit.
910 1560 1036 1635 Variis
1056 1560 1159 1635 enim
1179 1558 1427 1632 librariorum
1442 1556 1655 1644 erroribus,
1673 1558 1798 1661 scrip-

379 1688 477 1747 turoe
509 1672 655 1747 mendis
684 1674 844 1778 aliisque
874 1676 976 1752 vitiis
1004 1675 1207 1779 perspectis
1239 1674 1417 1779 cognovi,
1446 1673 1722 1749 Grammatecis
1748 1676 1796 1751 in

380 1790 634 1881 recensendis,
662 1790 837 1866 librarios
856 1792 900 1869 in
924 1791 1180 1869 describendis
1198 1791 1352 1866 Salustii
1375 1790 1483 1867 libris
1509 1790 1633 1866 multo
1654 1791 1797 1895 saepius

378 1932 551 2010 perverso
569 1905 737 2010 quodam
750 1909 963 2013 corrigendi
981 1910 1108 1985 studio
1119 1909 1295 2009 abreptos
1305 1906 1436 1995 fuisse,
1450 1934 1568 2009 quam
1577 1906 1690 2011 vulgo
1703 1933 1797 2010 per-

378 2020 526 2099 hibent.
547 2022 591 2109 *l
626 2022 699 2098 Sed
722 2020 795 2099 hac
824 2024 871 2102 de
896 2052 937 2102 re
955 2025 1069 2131 plura
1095 2024 1137 2100 in
1161 2023 1454 2106 commentariis.
1491 2022 1609 2121 Quod
1626 2022 1795 2126 quidam

459 2294 536 2351 Item
563 2310 589 2348 r.
611 2291 677 2349 aliis
694 2293 752 2350 alia
770 2290 799 2351 5.
815 2291 844 2362 4.
865 2290 980 2351 dimissi
1003 2292 1036 2351 in
1050 2290 1177 2354 obscuro
1192 2312 1221 2356 a.
1235 2304 1266 2365 4.
1285 2292 1405 2352 fortuna
1427 2309 1511 2370 pares
1536 2298 1607 2349 sunt
1630 2308 1659 2355 a.
1679 2289 1795 2347 memi-

458 2408 528 2447 nere
538 2428 549 2460 ,
569 2386 602 2447 in
620 2384 795 2449 hominibus
810 2406 837 2453 a.
859 2390 951 2469 paulo
965 2389 1065 2448 saevior
1085 2409 1115 2449 a.
1133 2394 1161 2453 5.
1190 2391 1336 2449 sententia
1354 2386 1429 2447 mihi
1449 2406 1511 2445 non
1530 2384 1657 2445 crudelis
1675 2406 1701 2445 r.
1721 2406 1792 2444 eam

397 2516 405 2523 -
459 2483 635 2542 modestiam
652 2487 681 2543 5.
704 2483 740 2543 de
755 2486 861 2544 timore
878 2506 1093 2565 supervacuum
1114 2505 1140 2552 t.
1170 2487 1329 2568 pra-sertim
1347 2484 1504 2564 diligentia
1524 2502 1551 2541 ι.
1566 2482 1595 2543 5.
1608 2483 1638 2553 4.
1666 2502 1792 2562 possum

459 2577 599 2658 equidem
622 2600 647 2639 1.
665 2600 705 2637 m.
722 2602 779 2639 soc.
799 2582 850 2642 sad
869 2584 901 2641 in
920 2584 1042 2643 exilium
1062 2585 1195 2663 permitti
1217 2587 1246 2647 5.
1266 2584 1295 2653 4.
1321 2584 1443 2663 ignavos
1461 2602 1486 2646 1.
1503 2580 1533 2641 3.
1553 2581 1661 2639 metito
1675 2578 1793 2643 accidit

459 2686 489 2748 4.
510 2694 565 2754 pro
578 2694 645 2734 vero
661 2676 777 2757 aliquid
794 2698 821 2737 a.
836 2682 865 2743 3.
887 2680 1033 2758 sapientia
1054 2686 1150 2756 major
1171 2680 1231 2738 illis
1248 2680 1307 2738 fm‘t
1327 2698 1353 2737 r.

500 2770 654 2850 Jagnrtba
667 2774 716 2833 85.
740 2794 800 2854 quo
820 2776 913 2854 pluris
934 2786 977 2833 est
994 2795 1023 2835 a.
1041 2779 1069 2837 5.
1085 2776 1116 2846 4.
1137 2775 1282 2835 beneficia
1301 2794 1329 2835 a.
1350 2774 1533 2834 substineam
1547 2772 1576 2838 5.
1598 2774 1632 2834 in
1647 2782 1789 2831 naturam

383 2928 386 2935 ,
460 2872 584 2931 vertitur
596 2870 628 2927 Β.
645 2890 672 2928 a.
688 2870 718 2929 5.
733 2871 763 2941 4.
784 2892 817 2929 ex
839 2874 893 2931 illo
912 2872 1004 2951 globo
1024 2872 1063 2931 ad
1086 2871 1146 2932 hoc
1165 2872 1194 2937 5.
1226 2873 1392 2953 imaginum
1416 2871 1558 2953 stipendii
1572 2868 1602 2941 4.
1623 2870 1791 2949 imperato-

461 2986 524 3026 rem
544 2977 673 3047 quaerat.
689 2966 717 3030 3.
740 2968 855 3026 faciunt
875 2967 954 3026 idem
977 2968 1006 3029 5.
1025 2978 1183 3049 expectant
1202 2972 1230 3029 5.
1251 2970 1341 3028 etiam
1358 2968 1438 3047 apud
1456 2988 1486 3029 a.
1506 2968 1596 3046 liujus
1612 2968 1655 3027 rei
1668 2965 1699 3026 5.
1720 2985 1789 3025 mea

460 3064 538 3123 facta
557 3084 585 3128 a.
603 3062 631 3126 5.
651 3062 682 3132 4,
702 3062 847 3142 Equidem
870 3084 931 3123 non
952 3084 980 3127 a.
1002 3064 1174 3125 facundiam
1197 3064 1226 3125 5.
1244 3064 1274 3137 4.
1295 3069 1457 3125 lacerarent
1476 3085 1505 3125 a.
1524 3065 1664 3147 equidem
1680 3062 1789 3123 meiex

459 3162 555 3221 animi
568 3161 597 3221 5.
630 3181 665 3220 ex
692 3161 839 3219 sententia
863 3161 957 3218 animi
983 3162 1042 3219 mei
1061 3174 1091 3233 4.
1121 3159 1340 3221 hacnobilitas
1361 3159 1447 3241 (too
1467 3182 1528 3221 om.
1543 3156 1596 3241 4.)
1626 3158 1686 3221 boe
1699 3160 1788 3220 civile

458 3258 542 3343 (boc
558 3280 620 3323 om.
639 3258 686 3337 4.)
708 3263 832 3335 majores
852 3258 944 3317 nostri
963 3256 992 3321 5.
1015 3267 1045 3317 et
1062 3278 1096 3317 ex
1113 3270 1235 3337 parente
1251 3278 1279 3317 a.
1301 3269 1332 3318 et
1352 3259 1418 3319 aliis
1434 3257 1464 3328 4.
1484 3256 1680 3319 diritiammr
1702 3274 1787 3315 arma

461 3368 491 3428 4.
510 3354 685 3435 jocondiora
701 3375 729 3420 a.
748 3358 776 3417 5.
793 3353 821 3425 4.
843 3352 983 3416 hobefole
998 3354 1028 3427 4.
1048 3375 1128 3437 pror.
1153 3358 1286 3417 avaritia.

381 3551 416 3630 ⁸)
435 3548 490 3615 vir
507 3549 633 3625 doctus,
655 3554 707 3631 qui
730 3570 826 3631 nuper
857 3554 907 3630 (in
933 3550 1121 3632 premerid.
1146 3552 1267 3613 literar.
1276 3552 1397 3622 lenens,
1408 3546 1654 3611 MDCCCXXW.
1673 3546 1785 3607 Norlrr.

460 3670 492 3731 p.
509 3645 600 3730 ²9⁰·)
622 3650 788 3708 censorium
809 3652 1098 3730 munususurparit,
1117 3648 1227 3732 (inrita
1244 3650 1366 3730 quidem
1386 3650 1536 3719 Minerva,
1557 3646 1582 3703 s'i
1599 3642 1674 3724 quid
1686 3642 1785 3718 video)

463 3743 538 3804 mihi
549 3746 622 3805 vitio
633 3747 738 3819 vertit,
757 3746 838 3825 quod
853 3746 949 3807 Codd.
967 3748 1035 3806 Mas.
1049 3748 1231 3806 Sallustianos
1250 3768 1313 3805 non
1330 3746 1361 3805 in
1381 3748 1481 3804 classes
1496 3753 1526 3801 et
1545 3741 1673 3799 familias
1685 3738 1786 3819 diges-

461 3844 571 3915 serim,
592 3853 621 3900 et
639 3863 699 3922 quo
714 3844 834 3922 majoris
856 3844 944 3901 etiam
963 3864 1010 3902 me
1023 3845 1127 3902 erroris
1143 3842 1316 3915 convincat,
1338 3862 1385 3901 me
1396 3844 1513 3921 ipsum,
1532 3836 1614 3918 quod
1628 3835 1785 3915 improba-

460 3940 573 4012 terim,
592 3940 685 3997 facere
707 3940 795 4013 dicit,
816 3942 927 4019 quippe
948 3942 1000 4019 qui
1011 3942 1085 3999 alios
1105 3939 1198 3998 libros
1215 3942 1369 4012 meliores,
1389 3938 1464 3995 alios
1478 3935 1635 3993 deteriores
1647 3932 1784 3991 dixerim.

461 4035 538 4096 Sane
557 4036 582 4093 si
600 4032 658 4093 hoc
675 4045 717 4093 est
738 4036 769 4093 in
784 4039 887 4095 classes
906 4036 1098 4111 distribuere,
1117 4047 1196 4095 recte
1215 4035 1328 4114 judicat
1354 4034 1473 4093 criticus
1497 4033 1549 4091 ille
1575 4028 1784 4102 acutissimus,

462 4142 495 4195 et
517 4130 594 4191 nihil
617 4131 748 4203 facilius,
769 4151 858 4209 quam
879 4142 1033 4191 stemmata
1049 4133 1103 4192 ista
1122 4131 1217 4191 Codd.
1241 4134 1312 4193 mss.
1326 4132 1483 4189 conficere.
1521 4125 1579 4185 Sed
1609 4121 1686 4183 milri
1709 4125 1786 4205 qui-

463 4230 534 4293 dem
553 4246 723 4311 persuasum
737 4236 798 4301 est,
819 4224 877 4287 hoc
897 4228 962 4289 fleri
981 4248 1045 4291 non
1063 4248 1149 4311 posse
1164 4229 1224 4291 nisi
1242 4246 1339 4289 onum
1360 4236 1437 4286 certe
1453 4224 1493 4287 sit
1509 4222 1638 4283 auctoris
1652 4220 1785 4300 sliestjus
