3850 4867
1534 317 1581 416 75

179 515 296 594 seque
315 491 554 597 campaneis
576 492 752 575 relictum
772 493 876 570 videt
899 494 1083 583 Catilina,
1118 520 1264 570 memor·
1292 495 1436 600 generis
1462 513 1577 600 atque

178 615 353 720 pristinoe
372 643 448 694 suoe
468 617 681 724 dignitatis,
707 619 750 695 in
771 618 1074 694 confertissumos
1095 616 1212 694 hostis
1234 619 1420 710 incurrit,
1446 621 1576 723 ibique

178 767 357 846 pugnans
382 742 608 817 confoditur.
658 737 733 818 'sed
767 741 939 818 confecto
968 743 1121 847 praelio,
1158 758 1242 816 tum
1268 769 1355 817 vero
1382 769 1551 820 cerneres
1566 766 1621 836 ‚61

177 881 327 968 quanta
355 865 514 941 audacia
542 881 764 969 quantaque
785 867 839 943 vis
857 865 977 941 animi
998 865 1128 942 fixisset
1142 867 1185 942 in
1207 867 1374 942 exercitu
1391 869 1574 944 Catilinae

175 987 277 1067 Nam
299 989 393 1081 fere,
409 1017 524 1094 quem
546 991 706 1096 quisque
730 990 866 1090 (vivus)
895 989 1105 1094 pugnando
1130 988 1258 1065 locum
1280 1009 1443 1095 ceperat,
1469 1019 1574 1083 eum,

175 1095 311 1190 amissa
324 1114 473 1206 anima,
498 1099 654 1219 corpore
668 1115 822 1221 tegebat.
848 1113 963 1190 Pauci
979 1129 1124 1204 autem,
1144 1139 1239 1218 quos
1251 1111 1384 1190 cohors
1397 1118 1573 1221 praetoria

173 1237 392 1330 disiecerat,
406 1239 539 1343 paullo
563 1237 756 1329 divorsius,
774 1237 838 1314 sed
858 1263 989 1313 omnes
1013 1253 1140 1312 tamen
1166 1237 1328 1314 advorsis
1353 1238 1573 1318 volneribus

174 1364 433 1441 conciderant
458 1363 622 1441 Catilina
630 1389 718 1440 vero
735 1362 846 1469 longe
864 1389 886 1438 a
903 1362 995 1454 suis,
1013 1361 1115 1438 inter
1132 1360 1300 1438 hostium
1320 1363 1500 1440 cadavera
1514 1391 1573 1442 re·

170 1505 305 1594 pertus
317 1505 388 1580 est,
407 1487 627 1594 paullulum
638 1488 754 1564 etiam
773 1487 920 1591 spirans
938 1487 1195 1591 ferociamque
1206 1487 1345 1580 animi,
1369 1515 1488 1592 quam
1503 1487 1573 1566 ba·

172 1616 311 1689 buerat
333 1614 458 1703 vivus,
494 1612 535 1688 in
554 1613 661 1687 voltu
682 1613 856 1688 retinens.
890 1615 1081 1687 Postremo
1099 1637 1146 1687 er
1166 1613 1272 1687 omni
1293 1614 1422 1716 copia,
1447 1641 1572 1719 neque

171 1739 217 1814 in
242 1739 391 1844 praelio,
416 1764 541 1842 neque
562 1737 604 1812 in
628 1736 747 1841 fuga,
777 1736 981 1840 quisquam
1012 1736 1103 1811 civis
1129 1737 1317 1842 ingenuus
1341 1754 1475 1841 captus
1507 1757 1571 1814 est.

171 1867 233 1940 Ita
266 1863 397 1941 cuncti
422 1889 498 1938 suae
521 1861 766 1964 hostiumque
792 1860 878 1933 vitae
914 1859 1020 1934 iuxta
1050 1875 1306 1963 pepercerant
1352 1863 1483 1964 Neque
1512 1879 1569 1936 ta·

169 2017 262 2068 men
293 1987 477 2065 exercitus
504 1984 639 2091 populi
669 1982 831 2058 Romani
845 1983 972 2057 laetam
1007 1999 1076 2057 aut
1107 1983 1349 2060 incruentam
1368 1983 1568 2061 victoriam

169 2115 331 2222 adeptus
347 2128 447 2205 erat,
476 2137 581 2186 'nam
613 2107 903 2183 strenuissumus
926 2106 1087 2208 quisque
1106 2121 1176 2179 aut
1200 2106 1389 2182 occiderat
1413 2108 1455 2183 in
1470 2134 1566 2212 prse-

167 2241 246 2330 lio,
269 2253 339 2314 aut
360 2234 523 2343 graviter
541 2233 758 2309 volneratus
783 2229 1006 2314 discesserat,
1033 2229 1149 2303 Multi
1167 2245 1306 2321 autem,
1328 2230 1463 2334 quide
1487 2257 1565 2308 cas·

166 2448 289 2518 incerti,
309 2443 370 2506 llas.
386 2465 411 2503 1.
434 2463 541 2502 macc.
563 2441 661 2501 Heuss.
681 2441 748 2503 Seu.
761 2459 787 2498 a.
808 2437 891 2497 Bern.
904 2457 930 2497 π.
943 2436 973 2497 3.
997 2431 1128 2494 Catilina
1144 2455 1205 2494 om.
1226 2434 1311 2501 Fabr.
1330 2435 1397 2496 Sen.
1413 2455 1438 2495 1.
1459 2435 1521 2496 Bos.
1536 2459 1563 2502 r.

166 2575 208 2614 m.
218 2575 264 2635 pr.
287 2573 315 2612 2.
343 2551 475 2610 meliores
488 2548 576 2608 Palat.
597 2545 743 2608 Commel.
764 2542 860 2604 Guell.
875 2565 899 2601 ι.
910 2560 938 2601 2.
951 2543 978 2600 5.
988 2563 1017 2621 9.
1034 2561 1079 2600 so.
1095 2559 1139 2605 12.
1153 2538 1222 2623 Teg.
1231 2540 1290 2601 Erl.
1309 2537 1393 2619 seque
1407 2561 1475 2601 own
1486 2562 1564 2622 patt-

165 2661 209 2724 cis
225 2660 304 2722 sidet
323 2656 407 2718 Bem.
422 2675 451 2721 2.
474 2649 607 2713 Catilina
621 2649 698 2712 sidet
711 2649 844 2710 relictum
862 2647 924 2711 Bas.
935 2647 963 2716 4.
984 2645 1032 2706 sui
1043 2644 1159 2725 generis
1179 2654 1267 2724 etque
1278 2665 1337 2706 siae
1352 2647 1435 2726 prist.
1456 2647 1517 2706 Bas.
1532 2647 1561 2708 3.

161 2767 297 2848 pristinos
315 2783 373 2826 sure
391 2761 553 2842 dignitatis.
579 2757 663 2821 Febr.
675 2775 702 2816 2.
721 2756 790 2817 vin.
805 2773 832 2814 2.
853 2751 915 2812 Bas.
928 2774 953 2816 ι.
970 2771 997 2815 a.
1018 2752 1078 2812 inc.
1096 2750 1163 2810 Seu.
1183 2749 1278 2815 Struv.
1300 2750 1400 2811 lleuss.
1421 2751 1517 2812 Guell.
1533 2754 1560 2812 5.

164 2896 196 2954 9.
219 2872 303 2932 Beru.
316 2891 347 2931 s.
364 2887 423 2929 suoe
439 2869 471 2926 in
486 2866 584 2924 multis
594 2866 691 2923 locum
702 2870 805 2920 mutat.
825 2877 883 2919 sua
894 2857 999 2937 prisce
1017 2853 1086 2936 Τις.
1103 2873 1171 2916 suos
1185 2854 1283 2932 copias
1300 2852 1363 2915 Bas.
1374 2875 1402 2919 a.
1414 2857 1480 2931 fiis.
1494 2877 1561 2918 snas

164 2981 251 3039 Rem.
269 2998 296 3041 a.
317 2976 394 3035 inter
406 2973 485 3050 conf.
507 2970 568 3030 Bas.
585 2969 613 3040 4.
634 2966 718 3027 Bem.
736 2987 763 3026 a.

248 3104 323 3186 Cap.
338 3104 387 3168 61.
428 3109 594 3180 qssontaque
610 3095 705 3156 animi
723 3115 777 3174 qus
796 3112 908 3154 erasum
927 3095 959 3152 in
974 3090 1036 3151 Bas.
1053 3111 1078 3154 1.
1098 3089 1127 3159 4.
1148 3087 1257 3152 Tum.
1278 3086 1322 3147 vis
1335 3089 1432 3147 ommi
1449 3088 1510 3148 Bas.
1534 3112 1558 3154 ι.
1611 3093 1620 3106 ’

70 3273 78 3286 ,
163 3217 249 3275 Bern.
269 3231 332 3271 us.
344 3209 374 3274 ὅ.
398 3207 489 3267 lllarlr.
507 3218 542 3270 Λ.
556 3219 584 3269 Γ.
605 3201 701 3262 animi
707 3200 814 3279 fuisset
831 3199 872 3260 vis
891 3197 960 3256 Tur.
974 3217 999 3260 ι.
1020 3190 1273 3273 vivuspugnondo
1290 3191 1386 3252 ocum
1406 3195 1446 3252 ita
1461 3197 1559 3273 pluri-

166 3323 208 3382 mi
227 3316 305 3379 libri.
324 3314 406 3378 oietts
425 3314 457 3372 in
475 3309 566 3371 tribus
578 3309 682 3370 Wassii
696 3310 795 3366 locum
817 3313 918 3362 mutat.
940 3301 1018 3362 vivus
1034 3299 1123 3378 quisq.
1145 3308 1201 3357 tres
1213 3297 1327 3358 Wassii.
1356 3298 1453 3358 locum
1477 3298 1558 3358 vivus

165 3431 279 3506 ceperat
299 3417 385 3481 Febr.
404 3415 501 3478 Guell.
513 3414 541 3486 4.
557 3415 584 3479 5.
604 3412 673 3476 Tur.
689 3433 713 3476 ι.
736 3410 833 3470 locum
848 3407 933 3467 unitas
946 3414 1061 3484 ceperat
1079 3403 1149 3486 Teg.
1178 3403 1274 3462 lomim
1292 3401 1377 3460 uiuus
1392 3408 1557 3482 pugnando

163 3533 249 3593 Bern.
267 3547 294 3588 2·
321 3533 436 3604 ceperat
453 3521 534 3583 vivus
552 3517 695 3597 Guell.·9.
715 3514 795 3576 vivus
811 3519 924 3592 ceperat
948 3510 1045 3571 locum
1073 3506 1134 3566 llas.
1155 3506 1183 3578 4.
1211 3506 1280 3566 Tur.
1298 3527 1326 3565 a.
1359 3527 1448 3584 qttam
1465 3510 1557 3586 quisq,

163 3637 242 3700 vitais
255 3653 326 3712 ρης.
346 3638 460 3709 emerat
479 3627 533 3689 loc.
554 3623 638 3682 Bem.
650 3627 677 3684 3.
700 3617 786 3679 nimis
799 3616 961 3698 pugrmndo
980 3614 1085 3676 Sena.
1113 3631 1197 3689 quem
1207 3611 1323 3689 quisque
1333 3610 1367 3670 in
1378 3611 1434 3672 viis
1452 3613 1558 3674 Franc,

161 3745 249 3804 etiarn
265 3739 296 3798 in
319 3733 448 3795 Parisinis
466 3735 563 3791 locum
581 3736 683 3786 mutat.
703 3725 791 3787 vivus.
803 3744 863 3781 om.
875 3718 972 3783 Guell.
990 3740 1034 3778 ιι.
1055 3716 1208 3777 disiecerat
1229 3717 1339 3777 medios
1356 3715 1442 3776 Bem.
1459 3739 1484 3776 2.
1505 3721 1556 3778 di.

163 3845 270 3912 versius
290 3847 375 3902 eruut
396 3837 479 3896 llem.
499 3857 524 3894 ι.
545 3832 682 3894 diversio
697 3830 753 3890 suis
773 3828 856 3887 llem.
872 3847 900 3887 s.
928 3823 1036 3884 diversi
1049 3821 1182 3882 iacebant
1201 3823 1259 3880 inc.
1277 3840 1303 3880 a.
1325 3820 1463 3882 &verrius
1475 3823 1555 3882 iace-

163 3957 235 4014 bunt
256 3948 351 4008 Guelb
363 3944 392 4005 8.
405 3963 436 4024 9,
456 3938 516 3999 Bas.
528 3939 556 4010 4.
578 3937 660 3998 Beris.
675 3956 700 3996 2.
722 3953 824 3994 omues
832 3933 923 3994 Wass.
943 3926 1082 3990 diversius
1097 3925 1290 3986 occubuerant
1315 3924 1384 3985 Tur.
1397 3947 1424 3986 2.
1454 3929 1554 4007 paullo

162 4054 304 4121 diversio
318 4049 375 4112 usis
390 4046 521 4107 iacebant
542 4043 637 4103 Guell.
653 4064 679 4124 7.
709 4047 835 4121 repertio
854 4045 903 4098 est.
925 4044 965 4095 est
981 4055 1044 4094 om.
1057 4031 1140 4091 llem.
1159 4051 1184 4091 1.
1204 4039 1245 4090 est
1261 4037 1362 4109 ceptris
1380 4033 1439 4091 inc.
1459 4052 1484 4091 s.
1513 4045 1555 4094 ert

162 4187 223 4225 om.
245 4161 327 4220 llem.
347 4175 375 4216 α.
395 4171 453 4215 sua
466 4149 653 4227 hostiumque.
675 4165 728 4226 que
742 4164 802 4208 om.
817 4142 912 4202 Guell.
925 4141 953 4212 4.
975 4138 1214 4216 atqueineruent.
1235 4135 1293 4196 ine.
1309 4156 1334 4194 ι.
1354 4135 1438 4196 Rem.
1454 4157 1479 4196 s.
1502 4137 1551 4199 dc.

161 4272 230 4330 Tur.
247 4287 272 4327 ι.
293 4263 354 4323 Bas.
367 4263 394 4324 3.
416 4259 534 4336 adepttss
553 4263 616 4315 erut
637 4255 675 4313 ita
696 4251 816 4332 plurimi
833 4247 910 4307 libri.
931 4248 981 4304 od.
1002 4252 1042 4303 est
1061 4245 1120 4303 inc.
1139 4240 1225 4301 Fahr.
1235 4261 1262 4305 2.
1292 4241 1372 4306 laid.
1384 4263 1411 4304 a.
1428 4241 1458 4309 b,
1477 4242 1507 4301 d.
1520 4266 1549 4326 g.

1180 4346 1204 4400 ἃ
