3850 4867
400 325 468 402 152

398 505 471 582 diis
493 503 701 598 faciundis,
728 535 807 584 non
831 507 964 584 Graeca
991 507 1172 582 facundia
1196 533 1321 612 neque
1337 507 1495 583 urbanis
1512 504 1710 582 munditiis
1723 529 1790 580 sese

387 631 564 706 exercuit
589 665 598 704 ε
623 633 676 706 ita
703 632 806 708 inter
844 633 935 706 artis
958 632 1077 706 bonas
1104 631 1295 736 integrum
1326 631 1521 737 ingenium
1548 631 1653 706 brevi
1676 628 1793 705 adole·

383 755 457 829 evit.
506 758 606 860 Ergo
635 756 705 830 ubi
742 756 913 859 primum
947 755 1189 829 tribunatum
1216 744 1421 830 militarem
1451 781 1473 830 a
1500 755 1648 859 populo
1675 753 1791 859 petit,

386 878 587 983 plerisque
610 878 747 954 faciem
766 879 846 953 eius
867 879 1149 984 ignorantibus,
1163 879 1275 953 facilc
1301 893 1414 954 notus
1441 904 1511 988 per
1532 878 1657 954 omnis
1680 877 1795 953 tribus

389 1001 621 1076 declaratur.
659 1002 810 1077 Deinde
828 1002 877 1076 ab
901 1029 946 1077 eo
969 1003 1192 1108 magistratu
1218 1001 1338 1076 alium
1359 1017 1445 1107 post
1464 1001 1586 1078 alium
1600 1001 1674 1078 sibi
1689 1027 1795 1107 pepe·

395 1124 448 1199 rit
455 1151 466 1217 ;
497 1151 719 1228 semperque
749 1126 792 1198 in
821 1125 1070 1227 potestatibus
1101 1151 1145 1200 eo
1173 1124 1287 1200 modo
1317 1125 1501 1230 agitabat,
1538 1141 1586 1202 ut
1614 1125 1795 1229 ampliore

395 1275 515 1351 quam
539 1249 691 1352 gerebat
715 1247 852 1350 dignus
879 1245 1093 1324 haberetur.
1140 1249 1283 1325 Tamen
1309 1249 1339 1325 is
1368 1249 1419 1326 ad
1449 1247 1491 1324 id
1515 1247 1691 1326 locorum
1716 1249 1795 1325 talis

394 1373 454 1447 ric
465 1372 574 1469 (nam
588 1386 715 1475 postca
729 1371 940 1447 ambitione
958 1397 1124 1477 praeceps
1141 1372 1251 1448 datus
1267 1375 1336 1472 est)
1353 1373 1628 1475 [consulatum]
1649 1373 1796 1478 adpete-

395 1522 437 1571 re
462 1521 543 1569 non
565 1494 738 1570 audebat.
780 1496 909 1569 Etiam
931 1511 1015 1571 tum
1037 1494 1130 1570 alios
1154 1498 1393 1600 magistratus
1411 1497 1534 1603 plebs,
1558 1497 1796 1574 consulatum

312 1716 318 1728 .
392 1619 576 1694 nobilitas
595 1618 696 1693 inter
718 1643 757 1694 se
774 1645 842 1720 per
862 1645 1010 1694 manus:
1021 1618 1200 1693 tradebat
1234 1621 1360 1695 Novus
1377 1646 1490 1696 nemo
1509 1637 1587 1695 tam
1599 1620 1724 1696 clarus
1735 1647 1796 1696 ne·

393 1767 470 1846 que
489 1759 569 1816 tam
588 1742 742 1847 egregiis
765 1742 873 1818 factis
895 1759 991 1833 crat,
1019 1742 1116 1845 quin
1137 1742 1166 1816 is
1186 1740 1365 1846 indignus
1384 1742 1452 1819 illo
1475 1742 1623 1820 honore
1642 1761 1681 1821 et
1706 1773 1794 1848 qua-

345 1883 383 1957 64
392 1891 424 1943 s1
412 1867 613 1971 pollutus
632 1866 852 1941 haberetur.
899 1866 1021 1970 Igitur
1043 1865 1111 1941 ubi
1129 1865 1273 1940 Marius
1303 1863 1515 1971 haruspicis
1539 1867 1643 1943 dicta
1665 1868 1795 1945 eodem

318 1990 592 2068 intendere
613 1990 737 2080 ridet,
764 2015 842 2092 quo
859 1989 1001 2094 cupido
1020 1990 1142 2064 anima
1130 1987 1407 2082 hortabatur,
1424 1990 1474 2065 ab
1491 1989 1644 2067 Metello
1660 2009 1795 2096 petun-

391 2116 433 2191 di
450 2117 570 2223 gratia
591 2115 808 2190 missionem
827 2131 952 2218 rogat:
974 2114 1037 2190 cui
1054 2139 1291 2218 quamquam
1301 2113 1422 2188 virtus
1430 2113 1574 2218 ,gloria
1591 2133 1707 2218 atque
1721 2117 1793 2192 alia
1899 2109 1900 2138 ³

394 2239 562 2344 optanda
576 2238 688 2313 bonis
708 2239 959 2342 superabant,
979 2255 1106 2314 tamen
1124 2239 1248 2312 inerat
1266 2253 1506 2341 contemptor
1522 2238 1674 2316 animus
1686 2257 1724 2315 et
1734 2267 1794 2316 su·

393 2365 542 2467 perbia,
568 2389 771 2438 commune
799 2361 1011 2436 nobilitatis
1038 2362 1193 2436 malum.
1235 2357 1562 2464 Itaque‘primum
1588 2382 1796 2442 commotus

394 2487 547 2562 insolita
565 2512 606 2562 re
628 2485 759 2560 mirari
781 2485 861 2560 eius
887 2485 1151 2560 consiliumet
1179 2484 1287 2587 quasi
1307 2511 1376 2589 per
1393 2486 1602 2563 amicitiam
1628 2517 1795 2580 monere,
1899 2537 1900 2542 =

394 2637 444 2686 ne
469 2591 553 2684 tam
580 2632 697 2714 prava
731 2609 938 2714 inciperet,
963 2634 1041 2685 neu
1060 2633 1174 2713 super
1202 2608 1400 2685 fortunam
1429 2609 1604 2687 animum
1633 2630 1794 2719 gereret:
1899 2637 1900 2690 ι

394 2761 476 2810 non
501 2735 630 2810 omnia
651 2732 831 2809 omnibus
848 2730 1046 2835 cupiunda
1067 2757 1163 2823 csse,
1189 2732 1325 2810 debere
1345 2732 1405 2809 illi
1425 2759 1483 2810 res
1502 2759 1587 2811 suas
1605 2739 1695 2814 satis
1716 2740 1795 2845 pla·

393 2909 460 2972 Ecc.
480 2904 547 2967 822.
562 2927 589 2968 2.
610 2907 710 2967 lleuss.
730 2905 799 2970 Vin.
810 2925 837 2964 2.
857 2903 955 2965 Guell.
972 2925 999 2964 2.
1014 2927 1042 2987 7.
1057 2906 1085 2966 6.
1097 2925 1143 2965 ιι.
1164 2903 1244 2971 [eid.
1260 2928 1286 2968 c.
1299 2905 1413 2968 c.h.m.
1428 2927 1459 2966 ιι.
1482 2906 1617 2969 deterior.
1632 2911 1721 2978 Palat.
1743 2917 1793 2975 cfr.
1899 2915 1900 3002 4

392 3015 478 3076 Prisc.
490 3013 528 3072 Χ.
537 3015 566 3073 6.
577 3013 647 3094 499.
667 3015 693 3073 12
707 3011 787 3072 enlm
798 3009 875 3071 allus
882 3009 989 3091 probat
1000 3010 1049 3069 sed
1066 3009 1168 3072 addit:
1189 3013 1221 3071 in
1239 3011 1413 3093 quibusdam
1425 3025 1522 3075 autem
1538 3013 1698 3078 Codicibus
1709 3021 1794 3082 etiam
1899 3017 1900 3080 ζ

393 3119 481 3182 alitus
503 3120 661 3184 invenitur.
691 3127 762 3176 etos
783 3115 847 3176 mil.
867 3124 939 3176 atas
959 3136 1020 3182 om.
1042 3114 1127 3176 Rem.
1145 3135 1172 3175 1.
1195 3113 1368 3206 Pembrucb.
1393 3119 1482 3180 aneu
1500 3119 1567 3180 bon.
1586 3123 1691 3184 vetusti
1709 3123 1795 3188 Ririi.

390 3227 474 3307 petiit
494 3225 575 3286 Leid.
590 3224 621 3284 d.
638 3243 721 3282 mn.
742 3221 794 3282 Ac.
809 3219 892 3282 Fabr.
907 3240 934 3284 2.
955 3219 1058 3280 Franc.
1080 3221 1160 3281 Vrat.
1174 3241 1199 3280 ι.
1225 3219 1322 3281 Guall.
1338 3241 1385 3281 ι2.
1405 3221 1465 3282 ΕιΙ.
1486 3221 1586 3296 Bas-d.
1607 3235 1639 3286 ut
1655 3228 1797 3310 maphora
1899 3235 1900 3262 l

392 3334 506 3394 honore
526 3330 681 3390 deteriores
696 3326 774 3387 libri.
794 3326 843 3385 sed
860 3335 894 3388 ut
920 3325 982 3384 uas.
999 3345 1023 3388 1.
1039 3324 1067 3394 4.
1089 3323 1211 3388 Havete.
1238 3325 1320 3386 Leid.
1342 3325 1410 3386 talis
1422 3326 1471 3388 vir
1492 3327 1583 3408 (nam
1595 3338 1717 3414 222122)
1738 3335 1797 3400 boe

392 3437 497 3496 ordine
516 3435 579 3500 Bas.
592 3455 617 3499 ι.
629 3434 659 3504 4.
679 3430 763 3491 Fabr.
781 3451 806 3490 1.
824 3429 924 3489 Senat.
934 3449 963 3489 2.
985 3428 1085 3486 lleuss.
1104 3427 1177 3489 Tur.
1196 3431 1236 3490 ita
1249 3429 1370 3491 Haverc.
1387 3431 1508 3498 etheid.
1529 3433 1613 3495 Bern.
1624 3437 1654 3498 3.
1674 3444 1798 3521 plurimi

393 3537 579 3621 parenthesin
592 3547 660 3619 post
674 3536 801 3610 uidebat
818 3535 979 3594 inculcant.
992 3532 1110 3610 facicm
1120 3532 1217 3614 ignor.
1227 3533 1296 3596 Tur.
1310 3535 1379 3619 Teg.
1399 3537 1487 3600 dulus
1501 3549 1550 3606 etl.
1572 3551 1612 3602 ast
1624 3546 1797 3614 orn.,Gucll.
1899 3593 1900 3616 .

320 3712 324 3716 g
395 3645 425 3703 6.
445 3643 630 3703 conclarum
642 3642 778 3721 adpetm
805 3641 878 3699 olim
900 3638 1023 3697 editum.
1044 3637 1094 3698 sed
1113 3657 1193 3699 cons.
1211 3659 1272 3700 om.
1291 3638 1410 3702 Comm.
1427 3645 1559 3726 quinque
1573 3646 1663 3708 Palat.
1682 3655 1798 3736 aliquot

393 3743 798 3820 Wcssii.Turic.Fabric.1.
819 3745 917 3803 inc-2.
939 3743 1023 3802 llam.
1044 3741 1134 3803 dead.
1155 3743 1300 3805 senata.
1320 3745 1419 3811 Heuss.
1447 3747 1570 3810 Vtut-2.
1595 3750 1701 3817 Frauc.
1727 3759 1795 3823 ΕΝ.
1899 3729 1900 3780 l

394 3852 493 3914 Guell'.
507 3873 532 3912 1.
545 3873 573 3912 2.
584 3849 613 3921 4.
624 3849 653 3910 6.
670 3869 715 3912 22.
735 3849 820 3907 Bam.
836 3868 861 3906 ι.
878 3847 1052 3927 peteraEcc.
1069 3846 1208 3908 Guntt.
1229 3849 1347 3910 66222.
1361 3847 1483 3912 Leidb.
1497 3855 1687 3920 uuusWassii.
1708 3883 1795 3946 egra-
1830 3884 1835 3892 ’

392 3957 567 4038 gausum
586 3957 648 4019 Erl.
669 3944 738 4036 Teg.
759 3950 887 4014 Paris..b
906 3951 1029 4012 lierni
1049 3951 1283 4034 egmgitusactis
1302 3953 1382 4015 Leid.
1391 3978 1418 4016 2.
1428 3954 1459 4017 b.
1470 3958 1537 4018 c..d
1554 3981 1579 4026 2.
1594 3963 1613 4022 f.
1606 3985 1657 4046 ..g
1670 3963 1702 4026 h
1711 3969 1794 4032 hm

395 4084 427 4123 n.
447 4061 538 4121 Mari
551 4072 586 4124 Λ.
606 4058 722 4119 B.Pub.
743 4057 872 4116 Bas.1.
863 4077 922 4116 tac.
941 4055 1039 4122 Turio.
1062 4056 1184 4122 Fabra.
1204 4056 1272 4119 Eae.
1293 4056 1389 4126 Guell.
1402 4061 1430 4122 6.
1446 4081 1492 4124 ιι.
1513 4065 1621 4135 Parias.
1633 4069 1701 4133 da.
1722 4077 1796 4156 quin

394 4164 511 4246 irtda'gu.
530 4164 680 4225 Fabrici.
700 4161 803 4222 Frena.
823 4160 874 4222 dc.
896 4159 1016 4220 Parisb.
1899 4165 1900 4178 ι

478 4291 552 4376 cap.
567 4292 616 4365 64.
636 4291 736 4372 Igitur
749 4291 799 4350 aba·
811 4289 928 4350 Marius
940 4309 1008 4349 cum
1020 4286 1109 4369 arr'sp.
1128 4289 1276 4360 Gommel.
1296 4291 1385 4355 Palat.
1397 4314 1422 4356 ι.
1433 4315 1461 4356 2.
1482 4295 1610 4377 626122.
1626 4305 1678 4364 ubi
1696 4307 1794 4376 Guelf.

396 4405 426 4466 3,
447 4400 549 4472 ΒΜ.
568 4418 665 4460 oum-
679 4394 792 4456 uidsret
810 4394 933 4458 Bermd.
952 4395 1054 4454 codam
1072 4413 1129 4472 quo
1150 4395 1258 4476 cipido
1274 4395 1371 4460 aniani
1386 4397 1539 4466 intendere
1554 4405 1635 4469 videt
1662 4411 1793 4494 Ρ21224.
1899 4459 1900 4498 ,
