3850 4867
427 311 497 412 ιιι

418 496 595 600 Numidae
637 493 756 600 magis
786 519 904 597 quam
930 491 1131 602 mortalem
1164 489 1321 568 timere:
1354 502 1543 598 postremo
1564 513 1700 568 omnes
1732 485 1811 566 sccii

419 638 533 724 atque
555 620 679 696 hostes
705 619 874 709 credere,
898 617 964 692 ,illi
994 633 1063 693 cut
1088 609 1255 696 mentem
1280 617 1451 694 divinam
1474 613 1549 692 esse
1571 609 1640 690 int
1664 611 1813 690 deorum

419 762 520 821 nutu
542 759 681 822 cuncta
699 741 888 847 portendi.
927 741 1000 818 Sed
1020 741 1179 832 Consul,
1197 739 1266 816 ubi
1281 767 1324 817 ea
1342 767 1399 818 res
1414 739 1512 817 bene
1524 739 1665 827 evenit,
1684 735 1732 812 ad
1747 735 1811 809 alia

418 856 559 974 oppida
575 868 700 973 pergit
717 899 725 939 :
744 891 889 970 pauca,
906 865 1207 970 repugnantibus
1224 863 1415 955 Numidis,
1429 864 1553 968 capit,
1570 862 1684 966 plura
1704 860 1813 936 ‹leser-

417 979 637 1098 ¹tapropter
668 990 915 1094 Capsensium
934 987 1138 1076 miserias,
1176 988 1255 1092 igni
1288 987 1532 1090 corrumpit:
1569 986 1681 1060 luctu
1710 999 1813 1085 atque

418 1117 519 1195 ooede
555 1114 687 1193 omnia
717 1112 968 1217 complentur.
1018 1112 1196 1214 Denique
1220 1113 1349 1186 multis
1379 1112 1469 1186 locis
1491 1108 1648 1214 potitus,
1677 1133 1723 1183 ac
1743 1105 1812 1210 ple

419 1243 545 1344 risque
569 1239 738 1316 exercitu
760 1238 982 1324 incruento,
1007 1234 1123 1311 aliam
1145 1261 1225 1310 rem
1249 1235 1489 1340 adgreditur,
1513 1258 1594 1307 non
1614 1231 1749 1307 eadem
1766 1255 1813 1303 as

418 1364 597 1470 paritate,
624 1389 700 1464 qua
726 1359 992 1463 Capsensium,
1017 1373 1185 1434 cetarum
1203 1356 1311 1432 haud
1333 1381 1437 1432 secus
1458 1355 1660 1430 difficilem.
1712 1355 1813 1428 Nam-

417 1513 494 1590 que
520 1484 628 1559 haud
663 1485 774 1588 longe
789 1510 817 1557 a
846 1481 1008 1558 flumine
1030 1479 1241 1572 Mulucha,
1267 1479 1373 1585 quod
1389 1477 1588 1584 lugurthae
1608 1475 1812 1580 Bocchique

418 1606 864 1714 regnumdisiungebat,
889 1622 971 1714 erat
996 1606 1096 1681 inter
1117 1621 1279 1682 ceteram
1304 1603 1505 1708 planitiam
1535 1628 1643 1678 mons
1668 1627 1811 1688 saxam,

418 1731 600 1807 mediocri
619 1729 770 1806 castello
794 1727 882 1803 satis
899 1743 1064 1832 patens,
1088 1726 1130 1802 in
1163 1728 1387 1802 immensum
1410 1725 1552 1814 editus,
1575 1751 1655 1800 uno
1673 1753 1811 1830 'peran-

417 1871 528 1958 gusto
543 1854 652 1930 aditu
676 1852 808 1928 relicto
832 1883 851 1928 2.
866 1877 958 1926 nam
977 1851 1098 1926 omnis
1119 1868 1256 1926 natura
1284 1849 1390 1925 velut
1406 1875 1517 1952 opere
1539 1865 1654 1951 atquc
1669 1848 1809 1944 consul

418 1993 457 2054 to
487 1979 662 2082 proeceps.
705 1975 839 2071 Quem
861 1973 992 2049 locum
1006 1963 1172 2062 Marius,
1198 1971 1303 2075 quod
1329 1971 1383 2046 ibi
1401 1973 1495 2076 regis
1512 1970 1680 2048 thesauri
1701 1985 1807 2059 erant,

413 2125 562 2176 summa
580 2101 620 2175 vi
646 2123 780 2202 capere
799 2095 986 2206 intendit.¹
1025 2097 1097 2175 sed
1113 2121 1155 2172 ea
1178 2121 1235 2172 res
1255 2095 1495 2201 fortemquam
1511 2095 1670 2170 consilio
1685 2094 1808 2172 melius

416 2241 527 2328 gotta.
576 2224 675 2298 Nam
694 2220 848 2296 castello
861 2220 1038 2318 mirorum
1058 2237 1174 2320 atque
1198 2218 1515 2309 annorum-satis,
1531 2245 1678 2323 magna
1701 2220 1754 2294 vis
1776 2232 1808 2326 et

415 2346 600 2423 frumenti
623 2361 662 2420 et
680 2343 765 2420 fons
784 2368 905 2447 equae
927 2377 935 2417 :
960 2343 1154 2448 aggeribus
1182 2343 1427 2446 turribusque
1445 2357 1482 2417 et
1503 2342 1586 2416 aliis
1618 2341 1805 2420 machina·

406 2542 553 2604 ¹divinam
564 2544 653 2602 inassc
673 2541 781 2602 'Vinan
797 2563 823 2601 ι.
843 2541 987 2600 mirasse
1000 2539 1060 2600 div.
1090 2537 1187 2600 Guelf.
1200 2538 1228 2611 l.
1248 2519 1446 2603 verbum-om.
1469 2537 1617 2604 caelos.
1637 2543 1690 2600 sed
1705 2539 1804 2610 consul,

298 2637 305 2644 ’
416 2646 533 2707 borceo
543 2667 588 2708 res
604 2647 655 2706 ubi
668 2646 761 2708 evenit
776 2644 880 2711 Bas-r,
900 2646 988 2705 etiam
1003 2647 1035 2703 in
1047 2645 1110 2702 aliis
1125 2643 1279 2704 verborum
1295 2644 1402 2724 positio
1420 2645 1519 2707 variat.
1541 2645 1610 2706 bene
1622 2665 1684 2710 om.
1696 2644 1802 2704 Gomm.

413 2751 503 2830 pluro
519 2753 632 2811 dmarta
652 2753 692 2810 ita
708 2771 743 2810 ex
758 2747 851 2810 Cottii
862 2749 942 2808 libris
957 2751 1006 2810 vix
1027 2758 1090 2807 ιιιι.
1113 2750 1199 2810 ceteri
1216 2769 1318 2810 omncs
1337 2752 1451 2810 deserto
1465 2769 1526 2810 non
1540 2763 1704 2833 agnoscunt
1719 2767 1802 2828 neque

417 2852 517 2913 lamb·
537 2855 628 2915 Marc.
639 2867 669 2919 r.
681 2867 716 2918 Λ.
736 2852 821 2912 Bodl.
842 2853 914 2912 Ball.
934 2849 1003 2935 Teg.
1024 2851 1085 2912 Bas.
1100 2853 1165 2925 ml.
1184 2852 1254 2913 Tur.
1274 2853 1359 2913 Bern.
1374 2876 1399 2912 ι.
1414 2859 1441 2916 3.
1462 2854 1527 2934 igni
1538 2856 1692 2916 comburit.
1711 2857 1768 2916 Bac
1783 2875 1803 2913 ι.

416 2958 579 3041 corrumpit
592 2961 625 3018 in
640 2961 779 3040 margine.
793 2959 835 3016 od
848 2957 940 3016 oliam
952 2978 1014 3018 rom
1026 2959 1150 3037 adgrcd.
1172 2957 1267 3018 Gucll.
1278 2960 1306 3018 6.
1327 2961 1370 3019 od
1383 2960 1469 3018 ctiam
1486 2959 1552 3020 Ecc-
1572 2959 1724 3023 Muluchoe
1737 2977 1802 3020 unus

415 3065 504 3139 nivii,
518 3065 585 3130 Naz.
599 3062 658 3126 Pal.
673 3083 700 3122 2.
716 3061 796 3125 Fabr.
811 3060 944 3126 1.Gucll.
959 3083 985 3127 ι.
1001 3061 1147 3122 Mulucha
1160 3065 1283 3144 plurimi
1292 3063 1368 3123 libri.
1382 3063 1535 3123 sedGodd.
1549 3065 1661 3125 variant
1668 3063 1799 3126 Mulucha

414 3169 476 3234 Bas.
489 3190 513 3228 1.
523 3167 684 3229 Mulucclm
688 3207 700 3238 ,
709 3164 831 3225 Muluoo
836 3205 848 3236 ,
857 3164 981 3226 Malcho
989 3169 1048 3226 alii.
1064 3187 1174 3226 nomen
1182 3166 1313 3227 fluminis
1324 3187 1384 3228 om.
1394 3167 1489 3229 Guell.
1501 3172 1528 3231 3.
1543 3167 1629 3228 odilu
1638 3169 1746 3230 aalma.
1760 3187 1800 3228 ro-

415 3277 484 3337 liclo
498 3296 560 3335 om.
569 3274 666 3332 Gucll.
679 3292 723 3330 ιο.
734 3270 836 3331 omnia
846 3280 956 3332 notura
976 3270 1073 3331 Guell.
1087 3293 1112 3330 ι.
1121 3281 1150 3331 ct
1160 3291 1188 3331 ι.
1197 3293 1237 3330 ιιι.
1249 3292 1294 3353 pr.
1314 3271 1375 3332 llas.
1389 3294 1414 3332 1.
1434 3273 1501 3337 Vin.
1514 3293 1541 3333 ι.
1560 3273 1640 3332 Leid.
1650 3277 1671 3332 l.
1693 3249 1803 3334 Commi

416 3402 456 3440 m.
468 3401 514 3461 pr.
528 3378 597 3465 liar.
613 3377 671 3435 Pal.
681 3397 707 3436 a.
716 3385 808 3456 porte
821 3376 904 3435 omni
913 3397 943 3435 n.
960 3375 1059 3448 Baal.
1082 3395 1153 3436 nom
1169 3375 1342 3456 omniporlc
1356 3377 1434 3436 Vrat.
1450 3398 1475 3436 ι.
1497 3397 1534 3436 ac
1544 3378 1717 3458 omniporle
1725 3375 1797 3438 Febr.

418 3483 548 3544 2.-omni
561 3491 670 3541 notura
679 3481 748 3541 vin.
764 3501 788 3540 ι.
805 3480 889 3541 Febr.
903 3501 928 3539 ι.
949 3481 1040 3540 llark.
1054 3495 1082 3546 r.
1095 3494 1129 3544 Λ.
1150 3481 1218 3564 frag.
1227 3479 1296 3540 Tur.
1304 3501 1358 3560 per
1368 3481 1468 3540 omnia
1484 3481 1544 3541 ultio
1556 3483 1630 3544 velut
1641 3483 1743 3545 Franc.
1751 3500 1796 3562 ptr

416 3587 478 3647 clia
495 3584 595 3646 omnia
609 3606 638 3644 n.
660 3584 757 3644 Guell.
764 3607 796 3665 9
815 3584 875 3644 Erl.
896 3584 991 3645 όιιυιίι
1014 3575 1099 3647 mons
1114 3585 1223 3669 Regius
1241 3585 1353 3646 Wassii.
1377 3605 1448 3645 nam
1460 3607 1514 3666 per
1528 3577 1628 3648 omniu
1644 3597 1707 3648 nat.
1726 3587 1794 3668 Berg.

416 3691 482 3753 Eae.
498 3690 556 3775 lc.
577 3691 635 3749 inc.
657 3688 754 3752 Guell.
766 3689 796 3759 l.
813 3712 842 3769 7.
859 3709 905 3752 ιι.
924 3709 969 3749 ιι.
990 3690 1106 3750 Leid.a.
1117 3711 1143 3750 e.
1156 3713 1184 3772 g.
1196 3711 1227 3754 n.
1248 3693 1423 3772 antiquiores
1433 3692 1519 3754 Rivii.
1548 3693 1673 3753 Palati.
1687 3693 1716 3758 6.
1734 3691 1795 3750 Ball.

415 3795 529 3885 Pemlsr.
547 3803 752 3876 prorepserat
777 3793 859 3856 Laid.
877 3814 904 3851 a.
918 3815 944 3871 o.
956 3792 988 3852 h.
998 3795 1018 3852 i.
1030 3815 1060 3853 n.
1090 3793 1221 3880 thesauri
1235 3806 1320 3854 oront
1339 3796 1460 3858 verbum
1485 3818 1544 3856 om.
1574 3797 1639 3857 Eoo.
1668 3807 1747 3878 gesto
1763 3801 1795 3854 ul

415 3899 497 3967 [eid.
508 3901 539 3959 d.
549 3901 612 3960 ok.
621 3921 661 3958 m.
673 3919 704 3962 n.
724 3898 846 3958 Romul.
866 3907 895 3957 ct
901 3898 1060 3976 frumenti.
1077 3909 1104 3958 ct
1117 3921 1176 3960 om.
1190 3898 1286 3959 Gucll.
1298 3904 1325 3961 3.
1347 3900 1379 3960 in
1395 3901 1510 3961 castello
1530 3900 1610 3960 Laid.
1622 3922 1648 3960 e.
1659 3902 1679 3960 l.
1691 3901 1721 3962 h.
1732 3904 1750 3960 i.
1760 3919 1792 3956 m.

416 4028 448 4067 n.
475 4004 592 4088 vacht.
614 4003 709 4062 Gucll‘.
725 4001 754 4072 l.
765 4004 793 4066 6.
807 4026 835 4083 7.
848 4023 878 4084 9.
892 4024 936 4067 ιο,
950 4023 995 4062 ιι.
1016 4001 1060 4063 vis
1073 4013 1137 4063 erut
1156 4004 1237 4063 Leid.
1248 4005 1277 4064 d.
1287 4025 1327 4063 m.
1340 4026 1371 4064 n.
1392 4007 1482 4065 Mark.
1492 4018 1521 4071 r.
1541 4005 1687 4084 utrimque
1699 4003 1792 4088 preci·

416 4129 456 4173 tu
470 4109 564 4171 vinee
577 4110 622 4168 ita
633 4105 847 4188 plurimilibri.
864 4105 1009 4185 utrimque
1017 4125 1133 4187 proces.
1154 4125 1187 4166 eo
1205 4106 1297 4168 vinae
1315 4110 1411 4170 Guelf.
1421 4111 1450 4172 3.
1467 4110 1621 4190 precisum
1636 4113 1677 4172 ita
1692 4111 1791 4180 Canio,

415 4213 572 4291 Gruterus,
593 4213 714 4278 Harerc.
732 4209 895 4272 ediderunt.
904 4210 1035 4291 ⁸preciso
1052 4231 1159 4299 novam
1174 4210 1288 4274 Wasui.
1307 4197 1599 4296 utrinqucpruttps¹
1612 4215 1713 4290 ΒΜ.
1732 4231 1790 4277 ruant
