3850 4867
364 319 425 369 XVI

363 474 534 580 scriptae,
558 473 796 564 ratisbonae,
820 472 885 551 sed
912 471 1049 549 littere
1071 470 1203 548 multis
1224 469 1316 547 locis
1336 484 1520 549 vetustate
1543 472 1712 550 evanida
1730 488 1770 551 et

364 584 493 707 priora
510 597 601 672 lolia
620 598 781 674 lacerata
795 624 805 689 ς
829 622 915 701 quae
926 594 1092 673 secunda
1107 621 1244 671 manus
1256 596 1413 690 adiecit,
1425 597 1550 673 midto
1562 598 1771 675 recentiora

364 740 463 803 sunt.
489 721 612 799 Multa
627 721 742 799 etiam
761 721 861 796 inter
876 746 1002 797 versus
1019 719 1185 810 adiecta,
1201 737 1240 796 et
1255 720 1379 797 aliena
1398 722 1563 798 auctoris
1573 723 1697 800 verbis
1705 722 1770 799 ad·

366 849 456 926 dita.
484 846 609 948 Goelf
622 849 667 921 V.
693 846 733 919 in
755 843 1011 921 vetustissimis
1029 844 1261 919 membranis
1282 862 1474 935 exaratm,
1499 872 1586 949 quae
1603 874 1655 924 ne
1671 874 1772 924 com·

365 984 486 1070 pactae
494 970 760 1074 quidemsunt.
778 969 842 1067 (N.
862 994 914 1067 17.
933 984 1003 1045 aut
1025 970 1119 1068 116.)
1145 968 1260 1045 Haud
1281 968 1426 1075 integer
1444 987 1519 1063 est,
1536 998 1628 1047 nam
1644 971 1771 1047 delicit

368 1094 402 1165 B.
417 1096 493 1200 lug.
516 1123 545 1170 c.
568 1094 621 1173 15.
638 1095 694 1189 ,ab
708 1095 827 1171 initio.
853 1094 1085 1168 Litterarum
1098 1092 1253 1198 praefert
1276 1094 1455 1199 liguram,
1479 1122 1566 1197 quae
1584 1096 1679 1171 solet
1697 1122 1769 1173 esse
1902 1091 1903 1098 ἵ

365 1220 511 1295 saeculis
529 1223 575 1296 X.
598 1237 636 1296 et
651 1222 714 1296 XI.
740 1222 857 1295 Hune
878 1218 1024 1294 librum
1040 1216 1216 1293 omnium
1235 1218 1425 1322 optimum
1439 1244 1514 1295 esse
1525 1219 1768 1297 iudicatCor-

368 1342 463 1437 tius3
484 1344 549 1419 sed
570 1371 656 1447 quae
671 1360 756 1450 post
782 1340 1022 1449 principium
1050 1340 1232 1417 orationis
1256 1341 1410 1418 Caesaris
1432 1360 1664 1445 sequuntur,
1689 1370 1767 1419 non

367 1466 499 1542 eadem
520 1468 701 1573 religione
727 1482 879 1543 exarata
903 1481 1003 1541 sunt.
1042 1464 1167 1566 Guelf.
1186 1467 1255 1541 VI.
1286 1466 1622 1558 membranaceus,
1648 1467 1767 1543 forma

370 1591 554 1696 octuplici
581 1592 713 1688 (Num.
730 1591 798 1667 51:
825 1590 899 1691 η.)
925 1588 1090 1666 auctoris
1110 1589 1267 1692 quidem
1284 1591 1399 1667 verba
1413 1591 1574 1694 integra,
1595 1591 1660 1668 sed
1672 1593 1770 1668 mul·

370 1730 425 1789 tos
446 1742 601 1818 quoque
618 1716 753 1819 glossas
773 1714 954 1807 continet;
979 1713 1019 1788 in
1039 1712 1141 1789 bello
1155 1713 1385 1819 Iugurthino
1406 1714 1562 1819 triginta
1579 1714 1697 1793 ferme
1717 1718 1770 1793 fo·
1902 1773 1903 1786 ,

367 1838 420 1915 lia
433 1839 704 1915 desiderantur.
733 1838 857 1940 Guelf.
869 1840 912 1913 V
905 1840 960 1927 II,
972 1839 1031 1934 (in
1046 1838 1139 1913 bibl.
1155 1838 1256 1913 Gud.
1275 1839 1374 1937 296.)
1391 1839 1548 1915 membr.
1564 1856 1602 1915 et
1615 1840 1771 1947 elegans,
1902 1831 1903 1858 ³

367 1992 445 2068 quo
473 1980 642 2067 tempore
662 1988 720 2037 ars
748 1963 846 2066 typis
876 1961 1068 2037 scribendi
1100 1978 1182 2037 orta
1205 1978 1303 2051 erat,
1322 1962 1484 2066 scriptus
1508 1988 1585 2039 esse
1612 1964 1769 2054 videtur,

367 2088 584 2177 Catilinam,
598 2085 832 2191 Iugurtham,
845 2102 883 2161 et
893 2085 1060 2161 Declam.
1075 2085 1117 2161 in
1129 2086 1349 2163 Ciceronem
1364 2086 1638 2189 complectitur.
1650 2088 1773 2190 Guclſs
1902 2129 1903 2142 .

275 2226 281 2238 '
370 2216 483 2289 VIII.
519 2210 770 2300 Chartaceus,
802 2209 1002 2313 plerasque
1026 2210 1163 2313 prioris
1189 2211 1366 2285 lectiones
1400 2211 1554 2303 retinet,
1578 2212 1622 2287 in
1644 2214 1768 2316 primo

367 2338 490 2442 capite
514 2334 608 2411 belli
631 2332 853 2439 Iugurthini
867 2332 1004 2409 deficit.
1032 2334 1158 2436 Guelf.
1170 2336 1240 2410 IX.
1265 2336 1399 2431 (Num.
1429 2362 1550 2435 17:21
1567 2392 1576 2425 ,
1605 2337 1653 2435 2.)
1670 2336 1767 2415 circa

366 2462 551 2539 saeculum
574 2462 676 2535 XIII.
708 2458 1122 2562 scriptus,Chartaceus
1142 2484 1153 2552 3
1176 2460 1366 2564 scriptura
1384 2460 1473 2535 satis
1494 2460 1663 2565 religiosa
1681 2518 1690 2551 ,
1706 2460 1770 2537 sed
1902 2523 1903 2548 2

369 2586 523 2665 Codices
543 2612 623 2660 non
648 2584 809 2688 optimos
839 2583 1026 2687 expressit.
1064 2582 1189 2684 Guelf.
1208 2586 1256 2656 X.
1282 2582 1351 2680 (ex
1370 2583 1538 2659 Gudian.
1555 2586 1661 2685 295.)
1686 2588 1771 2662 Non

368 2715 422 2789 ita
443 2710 599 2815 quidem
616 2725 797 2798 vetustus,
817 2723 863 2783 ut
881 2706 940 2783 vel
954 2706 1128 2810 proximo
1139 2706 1309 2810 praeferri
1327 2708 1460 2811 possit3
1475 2708 1634 2812 minime
1645 2726 1771 2787 tamen

369 2840 544 2915 omnium
560 2850 809 2910 correctorem
823 2849 999 2936 expertus
1018 2848 1079 2905 est.
1096 2831 1220 2930 Guelf.
1235 2832 1305 2905 XI.
1319 2832 1452 2928 (Num.
1478 2859 1539 2906 12:
1561 2835 1631 2931 ro.)
1655 2832 1771 2909 Mem-

368 2963 476 3036 bran.
493 2959 615 3034 forma
631 2957 827 3061 quadrata.
853 2958 1022 3030 Externo
1033 2952 1234 3059 splendore
1253 2955 1424 3059 insignis,
1437 2955 1572 3031 litterae
1585 2984 1690 3048 auro,
1702 2958 1771 3033 mi-

371 3086 436 3160 nio
464 3084 652 3183 variisque
684 3081 873 3156 coloribus
904 3081 1110 3167 distinctae,
1138 3078 1250 3154 initio
1276 3080 1393 3155 seculi
1418 3082 1498 3155 XV.
1520 3081 1682 3185 scriptus
1709 3098 1771 3157 est.

373 3210 497 3309 Gueffl
516 3210 607 3281 XII.
636 3206 843 3279 membran.
871 3203 994 3278 forma
1027 3202 1273 3306 quadruplici
1302 3204 1483 3309 oblonga,
1509 3204 1642 3302 (Num.
1672 3208 1704 3281 6.
1717 3208 1770 3305 a.)

372 3333 506 3407 litteris
525 3328 806 3434 elegantissimis
829 3326 1011 3430 scriptus,
1027 3326 1092 3400 sed
1114 3327 1277 3430 ecapite
1293 3328 1343 3402 ad
1361 3328 1503 3403 calcem
1524 3356 1546 3402 a
1565 3346 1773 3405 correctore

371 3456 596 3542 recensitus,
631 3454 699 3555 qui
726 3450 847 3525 multa
861 3450 1105 3537 immutavit,
1136 3450 1249 3554 plura
1264 3451 1437 3540 addidit,
1460 3451 1628 3554 plurima
1653 3453 1774 3529 erasit.

373 3584 601 3657 Vinart‘eusis
621 3580 650 3651 I.
669 3577 737 3678 qui
757 3572 967 3676 aliquando
988 3573 1166 3664 lleinesii,
1185 3590 1312 3679 postea
1327 3573 1624 3649 Schutzlleiscbii
1640 3574 1773 3665 fuerat,

370 3705 502 3789 forma¹
524 3702 706 3803 oblonga,
734 3699 774 3772 in
799 3698 1031 3773 membranis
1054 3697 1176 3772 nitide
1190 3698 1373 3799 scriptus,
1397 3699 1534 3773 saeculo
1555 3701 1600 3773 X
1624 3699 1682 3774 rel
1707 3702 1772 3774 XI.

371 3829 505 3904 Misere
542 3824 793 3926 interpolatus
831 3822 1003 3897 meliores
1033 3821 1177 3910 modo,
1213 3820 1327 3895 modo
1360 3822 1773 3899 deteriores.'lectiones

372 3952 581 4039 confirmat.
622 3950 849 4023 Vinoriensir
866 3946 919 4019 II.
944 3946 1102 4023 Membr.
1126 3946 1248 4021 forma
1271 3945 1473 4048 octuplici,
1498 3948 1685 4051 scriptura
1700 3948 1772 4023 ele·

373 4074 588 4183 gantissima
621 4086 735 4173 atque
766 4069 1073 4159 accuratissima,
1106 4069 1251 4173 pariter
1283 4094 1327 4143 ac
1360 4070 1402 4144 in
1439 4070 1565 4145 Guelf.
1589 4073 1636 4145 X.
1660 4097 1771 4147 orna-

375 4218 430 4292 ta,
455 4199 591 4277 saeculo
617 4198 697 4276 XV.
729 4195 890 4301 scriptus
918 4210 974 4275 est
1002 4209 1041 4275 et
1064 4192 1295 4275 melioribus·
1316 4192 1425 4274 libris
1452 4192 1770 4275 adnumerandis.
1902 4229 1903 4234 ¹
