<?xml version="1.0" encoding="UTF-8"?>
<!DOCTYPE html PUBLIC "-//W3C//DTD XHTML 1.0 Transitional//EN"
    "http://www.w3.org/TR/xhtml1/DTD/xhtml1-transitional.dtd">
<html xmlns="http://www.w3.org/1999/xhtml" xml:lang="en" lang="en">
 <head>
  <title>
</title>
<meta http-equiv="Content-Type" content="text/html;charset=utf-8" />
  <meta name='ocr-system' content='tesseract 3.04.00' />
  <meta name='ocr-capabilities' content='ocr_page ocr_carea ocr_par ocr_line ocrx_word'/>
</head>
<body>
  <div class='ocr_page' id='page_1' title='image "./salustiiquaeexs01sallgoog_0275.png"; bbox 0 0 3850 4867; ppageno 0'>
   <div class='ocr_carea' id='block_1_1' title="bbox 1570 297 1641 377">
    <p class='ocr_par' dir='ltr' id='par_1_1' title="bbox 1570 297 1641 377">
     <span class='ocr_line' id='line_1_1' title="bbox 1570 297 1641 377; baseline -0.014 0"><span class='ocrx_word' id='word_1_1' title='bbox 1570 297 1641 377; x_wconf 71' lang='grc' dir='ltr'><strong>ι79</strong></span> 
     </span>
    </p>
   </div>
   <div class='ocr_carea' id='block_1_2' title="bbox 217 443 1710 3276">
    <p class='ocr_par' dir='ltr' id='par_1_2' title="bbox 217 443 1710 3276">
     <span class='ocr_line' id='line_1_2' title="bbox 231 443 1640 558; baseline 0.006 -34"><span class='ocrx_word' id='word_1_2' title='bbox 231 443 310 524; x_wconf 75' lang='lat' dir='ltr'><strong>bet.</strong></span> <span class='ocrx_word' id='word_1_3' title='bbox 357 451 441 552; x_wconf 88' lang='lat' dir='ltr'><strong>Ipse</strong></span> <span class='ocrx_word' id='word_1_4' title='bbox 467 449 610 545; x_wconf 74' lang='lat' dir='ltr'><strong>interea</strong></span> <span class='ocrx_word' id='word_1_5' title='bbox 631 448 770 524; x_wconf 78' lang='lat' dir='ltr'><strong>milites</strong></span> <span class='ocrx_word' id='word_1_6' title='bbox 792 447 972 538; x_wconf 88' lang='lat' dir='ltr'><strong>scribere,</strong></span> <span class='ocrx_word' id='word_1_7' title='bbox 992 475 1072 524; x_wconf 90' lang='lat' dir='ltr'><strong>non</strong></span> <span class='ocrx_word' id='word_1_8' title='bbox 1095 475 1200 526; x_wconf 90' lang='lat' dir='ltr'><strong>more</strong></span> <span class='ocrx_word' id='word_1_9' title='bbox 1216 447 1425 543; x_wconf 85' lang='lat' dir='ltr'><strong>maiorum,</strong></span> <span class='ocrx_word' id='word_1_10' title='bbox 1449 478 1574 558; x_wconf 70' lang='lat' dir='ltr'><strong>neque</strong></span> <span class='ocrx_word' id='word_1_11' title='bbox 1592 480 1640 532; x_wconf 78' lang='lat' dir='ltr'><strong>ex</strong></span> 
     </span>
     <span class='ocr_line' id='line_1_3' title="bbox 230 569 1639 683; baseline 0.008 -37"><span class='ocrx_word' id='word_1_12' title='bbox 230 569 432 662; x_wconf 84' lang='lat' dir='ltr'><strong>elassibus,</strong></span> <span class='ocrx_word' id='word_1_13' title='bbox 447 574 512 649; x_wconf 87' lang='lat' dir='ltr'><strong>sed</strong></span> <span class='ocrx_word' id='word_1_14' title='bbox 530 573 588 647; x_wconf 91' lang='lat' dir='ltr'><strong>uti</strong></span> <span class='ocrx_word' id='word_1_15' title='bbox 608 573 792 676; x_wconf 84' lang='lat' dir='ltr'><strong>cuiusque</strong></span> <span class='ocrx_word' id='word_1_16' title='bbox 809 573 944 649; x_wconf 92' lang='lat' dir='ltr'><strong>lubido</strong></span> <span class='ocrx_word' id='word_1_17' title='bbox 960 589 1059 664; x_wconf 87' lang='lat' dir='ltr'><strong>erat,</strong></span> <span class='ocrx_word' id='word_1_18' title='bbox 1078 573 1202 678; x_wconf 81' lang='lat' dir='ltr'><strong>capite</strong></span> <span class='ocrx_word' id='word_1_19' title='bbox 1219 601 1345 652; x_wconf 85' lang='lat' dir='ltr'><strong>censos</strong></span> <span class='ocrx_word' id='word_1_20' title='bbox 1360 577 1567 683; x_wconf 80' lang='lat' dir='ltr'><strong>plerosque.</strong></span> <span class='ocrx_word' id='word_1_21' title='bbox 1592 579 1639 658; x_wconf 91' lang='lat' dir='ltr'><strong>Id</strong></span> 
     </span>
     <span class='ocr_line' id='line_1_4' title="bbox 228 694 1637 801; baseline 0.008 -31"><span class='ocrx_word' id='word_1_22' title='bbox 228 694 380 773; x_wconf 83' lang='lat' dir='ltr'><strong>factum</strong></span> <span class='ocrx_word' id='word_1_23' title='bbox 397 697 465 772; x_wconf 86' lang='lat' dir='ltr'><strong>alii</strong></span> <span class='ocrx_word' id='word_1_24' title='bbox 487 697 617 801; x_wconf 84' lang='lat' dir='ltr'><strong>inopia</strong></span> <span class='ocrx_word' id='word_1_25' title='bbox 635 698 845 788; x_wconf 78' lang='lat' dir='ltr'><strong>benonim,</strong></span> <span class='ocrx_word' id='word_1_26' title='bbox 865 697 932 771; x_wconf 87' lang='lat' dir='ltr'><strong>alii</strong></span> <span class='ocrx_word' id='word_1_27' title='bbox 953 723 1023 801; x_wconf 86' lang='lat' dir='ltr'><strong>per</strong></span> <span class='ocrx_word' id='word_1_28' title='bbox 1039 697 1289 774; x_wconf 82' lang='lat' dir='ltr'><strong>ambitionem</strong></span> <span class='ocrx_word' id='word_1_29' title='bbox 1308 701 1472 778; x_wconf 81' lang='lat' dir='ltr'><strong>consulis</strong></span> <span class='ocrx_word' id='word_1_30' title='bbox 1493 728 1637 782; x_wconf 88' lang='lat' dir='ltr'><strong>memo·</strong></span> 
     </span>
     <span class='ocr_line' id='line_1_5' title="bbox 228 800 1635 927; baseline 0.008 -32"><span class='ocrx_word' id='word_1_31' title='bbox 228 821 391 910; x_wconf 85' lang='lat' dir='ltr'><strong>rabant;</strong></span> <span class='ocrx_word' id='word_1_32' title='bbox 414 821 520 925; x_wconf 90' lang='lat' dir='ltr'><strong>quod</strong></span> <span class='ocrx_word' id='word_1_33' title='bbox 544 822 594 896; x_wconf 88' lang='lat' dir='ltr'><strong>ab</strong></span> <span class='ocrx_word' id='word_1_34' title='bbox 616 848 661 897; x_wconf 93' lang='lat' dir='ltr'><strong>eo</strong></span> <span class='ocrx_word' id='word_1_35' title='bbox 681 847 815 927; x_wconf 82' lang='lat' dir='ltr'><strong>genere</strong></span> <span class='ocrx_word' id='word_1_36' title='bbox 833 819 1043 896; x_wconf 85' lang='lat' dir='ltr'><strong>celebratus</strong></span> <span class='ocrx_word' id='word_1_37' title='bbox 1064 800 1273 926; x_wconf 71' lang='lat' dir='ltr'><strong>auctusque</strong></span> <span class='ocrx_word' id='word_1_38' title='bbox 1299 841 1406 917; x_wconf 83' lang='lat' dir='ltr'><strong>erat,-</strong></span> <span class='ocrx_word' id='word_1_39' title='bbox 1423 843 1462 903; x_wconf 90' lang='lat' dir='ltr'><strong>et</strong></span> <span class='ocrx_word' id='word_1_40' title='bbox 1484 823 1635 906; x_wconf 89' lang='lat' dir='ltr'><strong>bomini</strong></span> 
     </span>
     <span class='ocr_line' id='line_1_6' title="bbox 230 945 1637 1052; baseline 0.005 -31"><span class='ocrx_word' id='word_1_41' title='bbox 230 946 446 1050; x_wconf 85' lang='lat' dir='ltr'><strong>potentiam</strong></span> <span class='ocrx_word' id='word_1_42' title='bbox 465 946 650 1049; x_wconf 73' lang='lat' dir='ltr'><strong>querenti</strong></span> <span class='ocrx_word' id='word_1_43' title='bbox 672 945 941 1050; x_wconf 75' lang='lat' dir='ltr'><strong>egentissumus</strong></span> <span class='ocrx_word' id='word_1_44' title='bbox 970 946 1132 1049; x_wconf 87' lang='lat' dir='ltr'><strong>quisque</strong></span> <span class='ocrx_word' id='word_1_45' title='bbox 1159 948 1535 1052; x_wconf 81' lang='lat' dir='ltr'><strong>opportunissumus:</strong></span> <span class='ocrx_word' id='word_1_46' title='bbox 1574 951 1637 1028; x_wconf 91' lang='lat' dir='ltr'><strong>eui</strong></span> 
     </span>
     <span class='ocr_line' id='line_1_7' title="bbox 227 1069 1636 1179; baseline 0.006 -34"><span class='ocrx_word' id='word_1_47' title='bbox 227 1095 357 1172; x_wconf 87' lang='lat' dir='ltr'><strong>neque</strong></span> <span class='ocrx_word' id='word_1_48' title='bbox 369 1095 437 1144; x_wconf 83' lang='lat' dir='ltr'><strong>sua</strong></span> <span class='ocrx_word' id='word_1_49' title='bbox 456 1093 577 1161; x_wconf 78' lang='lat' dir='ltr'><strong>curse,</strong></span> <span class='ocrx_word' id='word_1_50' title='bbox 603 1069 746 1173; x_wconf 85' lang='lat' dir='ltr'><strong>quippe</strong></span> <span class='ocrx_word' id='word_1_51' title='bbox 760 1094 846 1171; x_wconf 84' lang='lat' dir='ltr'><strong>quae</strong></span> <span class='ocrx_word' id='word_1_52' title='bbox 861 1069 971 1144; x_wconf 80' lang='lat' dir='ltr'><strong>nulla</strong></span> <span class='ocrx_word' id='word_1_53' title='bbox 989 1087 1097 1162; x_wconf 89' lang='lat' dir='ltr'><strong>sunt,</strong></span> <span class='ocrx_word' id='word_1_54' title='bbox 1121 1070 1299 1178; x_wconf 85' lang='lat' dir='ltr'><strong>etomnia</strong></span> <span class='ocrx_word' id='word_1_55' title='bbox 1321 1099 1411 1150; x_wconf 89' lang='lat' dir='ltr'><strong>cum</strong></span> <span class='ocrx_word' id='word_1_56' title='bbox 1423 1073 1546 1179; x_wconf 87' lang='lat' dir='ltr'><strong>pretio</strong></span> <span class='ocrx_word' id='word_1_57' title='bbox 1563 1074 1636 1154; x_wconf 89' lang='lat' dir='ltr'><strong>ho·</strong></span> 
     </span>
     <span class='ocr_line' id='line_1_8' title="bbox 226 1192 1633 1298; baseline 0.005 -28"><span class='ocrx_word' id='word_1_58' title='bbox 226 1210 337 1270; x_wconf 80' lang='lat' dir='ltr'><strong>nesta</strong></span> <span class='ocrx_word' id='word_1_59' title='bbox 363 1193 552 1270; x_wconf 84' lang='lat' dir='ltr'><strong>videntur.</strong></span> <span class='ocrx_word' id='word_1_60' title='bbox 600 1193 723 1298; x_wconf 87' lang='lat' dir='ltr'><strong>Igitur</strong></span> <span class='ocrx_word' id='word_1_61' title='bbox 751 1192 896 1268; x_wconf 87' lang='lat' dir='ltr'><strong>Marius</strong></span> <span class='ocrx_word' id='word_1_62' title='bbox 926 1216 1016 1269; x_wconf 91' lang='lat' dir='ltr'><strong>cum</strong></span> <span class='ocrx_word' id='word_1_63' title='bbox 1041 1193 1241 1298; x_wconf 85' lang='lat' dir='ltr'><strong>aliquanto</strong></span> <span class='ocrx_word' id='word_1_64' title='bbox 1267 1197 1410 1273; x_wconf 86' lang='lat' dir='ltr'><strong>maiore</strong></span> <span class='ocrx_word' id='word_1_65' title='bbox 1444 1224 1633 1296; x_wconf 90' lang='lat' dir='ltr'><strong>numero,</strong></span> 
     </span>
     <span class='ocr_line' id='line_1_9' title="bbox 226 1315 1633 1425; baseline 0.005 -31"><span class='ocrx_word' id='word_1_66' title='bbox 226 1344 349 1422; x_wconf 87' lang='lat' dir='ltr'><strong>quam</strong></span> <span class='ocrx_word' id='word_1_67' title='bbox 368 1318 563 1394; x_wconf 88' lang='lat' dir='ltr'><strong>decretum</strong></span> <span class='ocrx_word' id='word_1_68' title='bbox 581 1332 685 1405; x_wconf 83' lang='lat' dir='ltr'><strong>eret,</strong></span> <span class='ocrx_word' id='word_1_69' title='bbox 716 1315 758 1390; x_wconf 93' lang='lat' dir='ltr'><strong>in</strong></span> <span class='ocrx_word' id='word_1_70' title='bbox 772 1316 939 1393; x_wconf 80' lang='lat' dir='ltr'><strong>Africam</strong></span> <span class='ocrx_word' id='word_1_71' title='bbox 954 1317 1160 1422; x_wconf 85' lang='lat' dir='ltr'><strong>profectus,</strong></span> <span class='ocrx_word' id='word_1_72' title='bbox 1181 1318 1314 1424; x_wconf 80' lang='lat' dir='ltr'><strong>paucis</strong></span> <span class='ocrx_word' id='word_1_73' title='bbox 1330 1318 1464 1425; x_wconf 70' lang='lat' dir='ltr'><strong>diebus</strong></span> <span class='ocrx_word' id='word_1_74' title='bbox 1482 1323 1633 1401; x_wconf 80' lang='lat' dir='ltr'><strong>Uticam</strong></span> 
     </span>
     <span class='ocr_line' id='line_1_10' title="bbox 225 1438 1631 1550; baseline 0.006 -34"><span class='ocrx_word' id='word_1_75' title='bbox 225 1439 442 1518; x_wconf 80' lang='lat' dir='ltr'><strong>advehitur.</strong></span> <span class='ocrx_word' id='word_1_76' title='bbox 476 1438 673 1549; x_wconf 84' lang='lat' dir='ltr'><strong>Exercitus</strong></span> <span class='ocrx_word' id='word_1_77' title='bbox 697 1438 731 1513; x_wconf 90' lang='lat' dir='ltr'><strong>ei</strong></span> <span class='ocrx_word' id='word_1_78' title='bbox 754 1440 919 1516; x_wconf 85' lang='lat' dir='ltr'><strong>traditur</strong></span> <span class='ocrx_word' id='word_1_79' title='bbox 937 1467 959 1516; x_wconf 88' lang='lat' dir='ltr'><strong>a</strong></span> <span class='ocrx_word' id='word_1_80' title='bbox 978 1444 1014 1516; x_wconf 92' lang='lat' dir='ltr'><strong>P.</strong></span> <span class='ocrx_word' id='word_1_81' title='bbox 1027 1441 1172 1518; x_wconf 84' lang='lat' dir='ltr'><strong>Rutilio</strong></span> <span class='ocrx_word' id='word_1_82' title='bbox 1194 1442 1332 1550; x_wconf 80' lang='lat' dir='ltr'><strong>legat03</strong></span> <span class='ocrx_word' id='word_1_83' title='bbox 1347 1469 1439 1519; x_wconf 86' lang='lat' dir='ltr'><strong>nam</strong></span> <span class='ocrx_word' id='word_1_84' title='bbox 1458 1445 1631 1526; x_wconf 77' lang='lat' dir='ltr'><strong>Metellus</strong></span> 
     </span>
     <span class='ocr_line' id='line_1_11' title="bbox 223 1560 1631 1669; baseline 0.002 -28"><span class='ocrx_word' id='word_1_85' title='bbox 223 1582 477 1668; x_wconf 85' lang='lat' dir='ltr'><strong>conspectum</strong></span> <span class='ocrx_word' id='word_1_86' title='bbox 489 1562 604 1638; x_wconf 89' lang='lat' dir='ltr'><strong>Marii</strong></span> <span class='ocrx_word' id='word_1_87' title='bbox 625 1560 796 1662; x_wconf 79' lang='lat' dir='ltr'><strong>fugerat,</strong></span> <span class='ocrx_word' id='word_1_88' title='bbox 814 1589 863 1638; x_wconf 91' lang='lat' dir='ltr'><strong>ne</strong></span> <span class='ocrx_word' id='word_1_89' title='bbox 885 1562 1030 1640; x_wconf 80' lang='lat' dir='ltr'><strong>videret</strong></span> <span class='ocrx_word' id='word_1_90' title='bbox 1050 1591 1112 1654; x_wconf 86' lang='lat' dir='ltr'><strong>ea,</strong></span> <span class='ocrx_word' id='word_1_91' title='bbox 1138 1589 1224 1669; x_wconf 81' lang='lat' dir='ltr'><strong>quae</strong></span> <span class='ocrx_word' id='word_1_92' title='bbox 1247 1565 1378 1642; x_wconf 84' lang='lat' dir='ltr'><strong>audita</strong></span> <span class='ocrx_word' id='word_1_93' title='bbox 1403 1565 1553 1644; x_wconf 85' lang='lat' dir='ltr'><strong>animus</strong></span> <span class='ocrx_word' id='word_1_94' title='bbox 1575 1585 1631 1644; x_wconf 86' lang='lat' dir='ltr'><strong>to-</strong></span> 
     </span>
     <span class='ocr_line' id='line_1_12' title="bbox 224 1683 1678 1797; baseline -0.001 -34"><span class='ocrx_word' id='word_1_95' title='bbox 224 1688 351 1763; x_wconf 89' lang='lat' dir='ltr'><strong>lerare</strong></span> <span class='ocrx_word' id='word_1_96' title='bbox 377 1687 607 1790; x_wconf 84' lang='lat' dir='ltr'><strong>nequiverat</strong></span> <span class='ocrx_word' id='word_1_97' title='bbox 657 1683 730 1761; x_wconf 88' lang='lat' dir='ltr'><strong>Sed</strong></span> <span class='ocrx_word' id='word_1_98' title='bbox 753 1687 895 1762; x_wconf 90' lang='lat' dir='ltr'><strong>Consul</strong></span> <span class='ocrx_word' id='word_1_99' title='bbox 921 1687 1078 1789; x_wconf 80' lang='lat' dir='ltr'><strong>expletis</strong></span> <span class='ocrx_word' id='word_1_100' title='bbox 1107 1687 1318 1791; x_wconf 79' lang='lat' dir='ltr'><strong>legionibus</strong></span> <span class='ocrx_word' id='word_1_101' title='bbox 1335 1687 1629 1797; x_wconf 78' lang='lat' dir='ltr'><strong>cohortibusque</strong></span> <span class='ocrx_word' id='word_1_102' title='bbox 1640 1703 1678 1787; x_wconf 81' lang='lat'><strong>87</strong></span> 
     </span>
     <span class='ocr_line' id='line_1_13' title="bbox 223 1809 1627 1916; baseline 0.001 -28"><span class='ocrx_word' id='word_1_103' title='bbox 223 1811 459 1900; x_wconf 79' lang='lat' dir='ltr'><strong>auxiliariis,</strong></span> <span class='ocrx_word' id='word_1_104' title='bbox 484 1810 527 1884; x_wconf 90' lang='lat' dir='ltr'><strong>in</strong></span> <span class='ocrx_word' id='word_1_105' title='bbox 559 1838 693 1915; x_wconf 84' lang='lat' dir='ltr'><strong>agrum</strong></span> <span class='ocrx_word' id='word_1_106' title='bbox 721 1809 885 1885; x_wconf 84' lang='lat' dir='ltr'><strong>fertilem</strong></span> <span class='ocrx_word' id='word_1_107' title='bbox 914 1823 953 1884; x_wconf 89' lang='lat' dir='ltr'><strong>et</strong></span> <span class='ocrx_word' id='word_1_108' title='bbox 986 1810 1115 1913; x_wconf 86' lang='lat' dir='ltr'><strong>praeda</strong></span> <span class='ocrx_word' id='word_1_109' title='bbox 1151 1827 1332 1886; x_wconf 90' lang='lat' dir='ltr'><strong>onustum</strong></span> <span class='ocrx_word' id='word_1_110' title='bbox 1358 1810 1627 1916; x_wconf 86' lang='lat' dir='ltr'><strong>proficiscitur,</strong></span> 
     </span>
     <span class='ocr_line' id='line_1_14' title="bbox 221 1932 1710 2040; baseline 0.003 -28"><span class='ocrx_word' id='word_1_111' title='bbox 221 1937 358 2012; x_wconf 86' lang='lat' dir='ltr'><strong>omnia</strong></span> <span class='ocrx_word' id='word_1_112' title='bbox 376 1936 432 2010; x_wconf 90' lang='lat' dir='ltr'><strong>ibi</strong></span> <span class='ocrx_word' id='word_1_113' title='bbox 450 1950 561 2038; x_wconf 88' lang='lat' dir='ltr'><strong>capta</strong></span> <span class='ocrx_word' id='word_1_114' title='bbox 584 1933 770 2008; x_wconf 87' lang='lat' dir='ltr'><strong>militibus</strong></span> <span class='ocrx_word' id='word_1_115' title='bbox 796 1932 935 2026; x_wconf 83' lang='lat' dir='ltr'><strong>donat3</strong></span> <span class='ocrx_word' id='word_1_116' title='bbox 958 1932 1049 2007; x_wconf 90' lang='lat' dir='ltr'><strong>dein</strong></span> <span class='ocrx_word' id='word_1_117' title='bbox 1077 1933 1229 2009; x_wconf 82' lang='lat' dir='ltr'><strong>castella</strong></span> <span class='ocrx_word' id='word_1_118' title='bbox 1257 1951 1295 2011; x_wconf 92' lang='lat' dir='ltr'><strong>et</strong></span> <span class='ocrx_word' id='word_1_119' title='bbox 1319 1935 1459 2040; x_wconf 86' lang='lat' dir='ltr'><strong>oppida</strong></span> <span class='ocrx_word' id='word_1_120' title='bbox 1490 1956 1630 2018; x_wconf 81' lang='lat' dir='ltr'><strong>natura</strong></span> <span class='ocrx_word' id='word_1_121' title='bbox 1706 2021 1710 2029; x_wconf 61' lang='grc'>,</span> 
     </span>
     <span class='ocr_line' id='line_1_15' title="bbox 221 2055 1631 2162; baseline 0.002 -26"><span class='ocrx_word' id='word_1_122' title='bbox 221 2074 268 2136; x_wconf 85' lang='lat' dir='ltr'><strong>et</strong></span> <span class='ocrx_word' id='word_1_123' title='bbox 286 2059 374 2135; x_wconf 86' lang='lat' dir='ltr'><strong>viris</strong></span> <span class='ocrx_word' id='word_1_124' title='bbox 391 2085 532 2162; x_wconf 86' lang='lat' dir='ltr'><strong>parum</strong></span> <span class='ocrx_word' id='word_1_125' title='bbox 546 2057 697 2131; x_wconf 87' lang='lat' dir='ltr'><strong>munita</strong></span> <span class='ocrx_word' id='word_1_126' title='bbox 715 2055 936 2160; x_wconf 76' lang='lat' dir='ltr'><strong>adgreditur</strong></span> <span class='ocrx_word' id='word_1_127' title='bbox 958 2088 966 2128; x_wconf 92' lang='lat'><strong>:</strong></span> <span class='ocrx_word' id='word_1_128' title='bbox 992 2055 1123 2159; x_wconf 84' lang='lat' dir='ltr'><strong>praelia</strong></span> <span class='ocrx_word' id='word_1_129' title='bbox 1141 2057 1281 2149; x_wconf 90' lang='lat' dir='ltr'><strong>multa,</strong></span> <span class='ocrx_word' id='word_1_130' title='bbox 1296 2075 1464 2135; x_wconf 88' lang='lat' dir='ltr'><strong>ceterum</strong></span> <span class='ocrx_word' id='word_1_131' title='bbox 1481 2060 1556 2136; x_wconf 84' lang='lat' dir='ltr'><strong>alia</strong></span> <span class='ocrx_word' id='word_1_132' title='bbox 1575 2063 1631 2140; x_wconf 83' lang='lat' dir='ltr'><strong>le·</strong></span> 
     </span>
     <span class='ocr_line' id='line_1_16' title="bbox 219 2179 1632 2288; baseline 0.003 -30"><span class='ocrx_word' id='word_1_133' title='bbox 219 2183 288 2258; x_wconf 85' lang='lat' dir='ltr'><strong>via</strong></span> <span class='ocrx_word' id='word_1_134' title='bbox 310 2182 393 2256; x_wconf 83' lang='lat' dir='ltr'><strong>aliis</strong></span> <span class='ocrx_word' id='word_1_135' title='bbox 413 2181 506 2256; x_wconf 90' lang='lat' dir='ltr'><strong>loeis</strong></span> <span class='ocrx_word' id='word_1_136' title='bbox 522 2179 651 2255; x_wconf 82' lang='lat' dir='ltr'><strong>facere.</strong></span> <span class='ocrx_word' id='word_1_137' title='bbox 701 2179 862 2254; x_wconf 87' lang='lat' dir='ltr'><strong>Interim</strong></span> <span class='ocrx_word' id='word_1_138' title='bbox 877 2180 967 2255; x_wconf 85' lang='lat' dir='ltr'><strong>novi</strong></span> <span class='ocrx_word' id='word_1_139' title='bbox 986 2179 1123 2254; x_wconf 89' lang='lat' dir='ltr'><strong>milites</strong></span> <span class='ocrx_word' id='word_1_140' title='bbox 1142 2181 1223 2256; x_wconf 90' lang='lat' dir='ltr'><strong>sine</strong></span> <span class='ocrx_word' id='word_1_141' title='bbox 1241 2198 1346 2256; x_wconf 87' lang='lat' dir='ltr'><strong>metu</strong></span> <span class='ocrx_word' id='word_1_142' title='bbox 1362 2209 1501 2288; x_wconf 83' lang='lat' dir='ltr'><strong>pugnae</strong></span> <span class='ocrx_word' id='word_1_143' title='bbox 1525 2185 1632 2262; x_wconf 91' lang='lat' dir='ltr'><strong>ades-</strong></span> 
     </span>
     <span class='ocr_line' id='line_1_17' title="bbox 218 2302 1632 2411; baseline 0.003 -29"><span class='ocrx_word' id='word_1_144' title='bbox 218 2333 265 2382; x_wconf 78' lang='lat' dir='ltr'><strong>se</strong></span> <span class='ocrx_word' id='word_1_145' title='bbox 288 2339 297 2381; x_wconf 74' lang='grc' dir='ltr'><strong><em>ε</em></strong></span> <span class='ocrx_word' id='word_1_146' title='bbox 320 2306 448 2381; x_wconf 83' lang='lat' dir='ltr'><strong>videre</strong></span> <span class='ocrx_word' id='word_1_147' title='bbox 462 2303 647 2408; x_wconf 85' lang='lat' dir='ltr'><strong>fugientes</strong></span> <span class='ocrx_word' id='word_1_148' title='bbox 666 2302 776 2406; x_wconf 82' lang='lat' dir='ltr'><strong>capi,</strong></span> <span class='ocrx_word' id='word_1_149' title='bbox 802 2302 948 2396; x_wconf 91' lang='lat' dir='ltr'><strong>occidi;</strong></span> <span class='ocrx_word' id='word_1_150' title='bbox 974 2302 1234 2379; x_wconf 84' lang='lat' dir='ltr'><strong>fortissumum</strong></span> <span class='ocrx_word' id='word_1_151' title='bbox 1264 2333 1454 2411; x_wconf 80' lang='lat' dir='ltr'><strong>quemque</strong></span> <span class='ocrx_word' id='word_1_152' title='bbox 1475 2308 1632 2387; x_wconf 84' lang='lat' dir='ltr'><strong>tutissu·</strong></span> 
     </span>
     <span class='ocr_line' id='line_1_18' title="bbox 218 2426 1626 2540; baseline 0.003 -34"><span class='ocrx_word' id='word_1_153' title='bbox 218 2457 335 2506; x_wconf 90' lang='lat' dir='ltr'><strong>mum</strong></span> <span class='ocrx_word' id='word_1_154' title='bbox 355 2462 364 2504; x_wconf 74' lang='grc' dir='ltr'><strong><em>ε</em></strong></span> <span class='ocrx_word' id='word_1_155' title='bbox 389 2429 503 2504; x_wconf 86' lang='lat' dir='ltr'><strong>armis</strong></span> <span class='ocrx_word' id='word_1_156' title='bbox 522 2426 752 2516; x_wconf 82' lang='lat' dir='ltr'><strong>libertatem,</strong></span> <span class='ocrx_word' id='word_1_157' title='bbox 776 2426 942 2529; x_wconf 86' lang='lat' dir='ltr'><strong>patriam</strong></span> <span class='ocrx_word' id='word_1_158' title='bbox 960 2441 1210 2530; x_wconf 82' lang='lat' dir='ltr'><strong>parentesque</strong></span> <span class='ocrx_word' id='word_1_159' title='bbox 1227 2444 1265 2504; x_wconf 89' lang='lat' dir='ltr'><strong>et</strong></span> <span class='ocrx_word' id='word_1_160' title='bbox 1282 2429 1358 2506; x_wconf 85' lang='lat' dir='ltr'><strong>alia</strong></span> <span class='ocrx_word' id='word_1_161' title='bbox 1382 2432 1510 2507; x_wconf 87' lang='lat' dir='ltr'><strong>omnia</strong></span> <span class='ocrx_word' id='word_1_162' title='bbox 1530 2435 1626 2540; x_wconf 84' lang='lat' dir='ltr'><strong>tegi,</strong></span> 
     </span>
     <span class='ocr_line' id='line_1_19' title="bbox 218 2548 1627 2664; baseline 0.003 -34"><span class='ocrx_word' id='word_1_163' title='bbox 218 2554 386 2661; x_wconf 85' lang='lat' dir='ltr'><strong>gloriam</strong></span> <span class='ocrx_word' id='word_1_164' title='bbox 415 2569 530 2656; x_wconf 85' lang='lat' dir='ltr'><strong>atque</strong></span> <span class='ocrx_word' id='word_1_165' title='bbox 558 2550 708 2626; x_wconf 87' lang='lat' dir='ltr'><strong>divitias</strong></span> <span class='ocrx_word' id='word_1_166' title='bbox 740 2548 870 2652; x_wconf 85' lang='lat' dir='ltr'><strong>quaeri.</strong></span> <span class='ocrx_word' id='word_1_167' title='bbox 919 2550 981 2624; x_wconf 91' lang='lat' dir='ltr'><strong>Sic</strong></span> <span class='ocrx_word' id='word_1_168' title='bbox 1006 2549 1110 2626; x_wconf 79' lang='lat' dir='ltr'><strong>brevi</strong></span> <span class='ocrx_word' id='word_1_169' title='bbox 1134 2550 1257 2654; x_wconf 87' lang='lat' dir='ltr'><strong>spatio</strong></span> <span class='ocrx_word' id='word_1_170' title='bbox 1288 2553 1378 2630; x_wconf 83' lang='lat' dir='ltr'><strong>navi</strong></span> <span class='ocrx_word' id='word_1_171' title='bbox 1412 2571 1627 2664; x_wconf 79' lang='lat' dir='ltr'><strong>veteresque</strong></span> 
     </span>
     <span class='ocr_line' id='line_1_20' title="bbox 219 2672 1626 2780; baseline 0.004 -26"><span class='ocrx_word' id='word_1_172' title='bbox 219 2679 416 2766; x_wconf 77' lang='lat' dir='ltr'><strong>coaluere,</strong></span> <span class='ocrx_word' id='word_1_173' title='bbox 441 2693 480 2752; x_wconf 89' lang='lat' dir='ltr'><strong>et</strong></span> <span class='ocrx_word' id='word_1_174' title='bbox 494 2674 614 2751; x_wconf 86' lang='lat' dir='ltr'><strong>virtus</strong></span> <span class='ocrx_word' id='word_1_175' title='bbox 636 2674 810 2750; x_wconf 88' lang='lat' dir='ltr'><strong>omnium</strong></span> <span class='ocrx_word' id='word_1_176' title='bbox 834 2672 991 2777; x_wconf 77' lang='lat' dir='ltr'><strong>aequalis</strong></span> <span class='ocrx_word' id='word_1_177' title='bbox 1020 2673 1129 2750; x_wconf 85' lang='lat' dir='ltr'><strong>facta.</strong></span> <span class='ocrx_word' id='word_1_178' title='bbox 1179 2677 1228 2751; x_wconf 79' lang='lat' dir='ltr'><strong>lt</strong></span> <span class='ocrx_word' id='word_1_179' title='bbox 1247 2703 1368 2780; x_wconf 88' lang='lat' dir='ltr'><strong>reges,</strong></span> <span class='ocrx_word' id='word_1_180' title='bbox 1403 2679 1473 2755; x_wconf 86' lang='lat' dir='ltr'><strong>ubi</strong></span> <span class='ocrx_word' id='word_1_181' title='bbox 1491 2681 1539 2759; x_wconf 90' lang='lat' dir='ltr'><strong>de</strong></span> <span class='ocrx_word' id='word_1_182' title='bbox 1559 2683 1626 2760; x_wconf 81' lang='lat' dir='ltr'><strong>ad·</strong></span> 
     </span>
     <span class='ocr_line' id='line_1_21' title="bbox 220 2797 1624 2904; baseline 0.004 -26"><span class='ocrx_word' id='word_1_183' title='bbox 220 2818 344 2878; x_wconf 84' lang='lat' dir='ltr'><strong>ventu</strong></span> <span class='ocrx_word' id='word_1_184' title='bbox 363 2799 479 2876; x_wconf 87' lang='lat' dir='ltr'><strong>Marii</strong></span> <span class='ocrx_word' id='word_1_185' title='bbox 497 2814 778 2904; x_wconf 85' lang='lat' dir='ltr'><strong>cognoverunt,</strong></span> <span class='ocrx_word' id='word_1_186' title='bbox 803 2797 942 2876; x_wconf 87' lang='lat' dir='ltr'><strong>divorsi</strong></span> <span class='ocrx_word' id='word_1_187' title='bbox 972 2798 1010 2873; x_wconf 91' lang='lat' dir='ltr'><strong>in</strong></span> <span class='ocrx_word' id='word_1_188' title='bbox 1048 2798 1150 2874; x_wconf 82' lang='lat' dir='ltr'><strong>locos</strong></span> <span class='ocrx_word' id='word_1_189' title='bbox 1171 2798 1339 2876; x_wconf 76' lang='lat' dir='ltr'><strong>difficiles</strong></span> <span class='ocrx_word' id='word_1_190' title='bbox 1363 2800 1516 2880; x_wconf 87' lang='lat' dir='ltr'><strong>abeunt.</strong></span> <span class='ocrx_word' id='word_1_191' title='bbox 1570 2809 1624 2884; x_wconf 86' lang='lat' dir='ltr'><strong>lta</strong></span> 
     </span>
     <span class='ocr_line' id='line_1_22' title="bbox 217 2919 1625 3034; baseline 0.002 -31"><span class='ocrx_word' id='word_1_192' title='bbox 217 2923 419 3034; x_wconf 88' lang='lat' dir='ltr'><strong>Iugurthae</strong></span> <span class='ocrx_word' id='word_1_193' title='bbox 448 2922 668 3030; x_wconf 83' lang='lat' dir='ltr'><strong>placuerat,</strong></span> <span class='ocrx_word' id='word_1_194' title='bbox 693 2922 894 3026; x_wconf 85' lang='lat' dir='ltr'><strong>speranti,</strong></span> <span class='ocrx_word' id='word_1_195' title='bbox 920 2948 1009 2998; x_wconf 82' lang='lat' dir='ltr'><strong>mox</strong></span> <span class='ocrx_word' id='word_1_196' title='bbox 1036 2921 1171 2997; x_wconf 83' lang='lat' dir='ltr'><strong>effusos</strong></span> <span class='ocrx_word' id='word_1_197' title='bbox 1202 2919 1326 2998; x_wconf 89' lang='lat' dir='ltr'><strong>hostes</strong></span> <span class='ocrx_word' id='word_1_198' title='bbox 1351 2924 1480 3002; x_wconf 81' lang='lat' dir='ltr'><strong>invadi</strong></span> <span class='ocrx_word' id='word_1_199' title='bbox 1499 2953 1625 3032; x_wconf 83' lang='lat' dir='ltr'><strong>posse3</strong></span> 
     </span>
     <span class='ocr_line' id='line_1_23' title="bbox 217 3035 1625 3156; baseline 0.002 -29"><span class='ocrx_word' id='word_1_200' title='bbox 217 3053 430 3147; x_wconf 80' lang='lat' dir='ltr'><strong>Romanos,</strong></span> <span class='ocrx_word' id='word_1_201' title='bbox 446 3047 559 3123; x_wconf 86' lang='lat' dir='ltr'><strong>sicuti</strong></span> <span class='ocrx_word' id='word_1_202' title='bbox 583 3045 800 3151; x_wconf 90' lang='lat' dir='ltr'><strong>plerosque,</strong></span> <span class='ocrx_word' id='word_1_203' title='bbox 825 3061 969 3122; x_wconf 88' lang='lat' dir='ltr'><strong>remoto</strong></span> <span class='ocrx_word' id='word_1_204' title='bbox 986 3059 1113 3135; x_wconf 91' lang='lat' dir='ltr'><strong>metu,</strong></span> <span class='ocrx_word' id='word_1_205' title='bbox 1140 3045 1262 3122; x_wconf 85' lang='lat' dir='ltr'><strong>laxius</strong></span> <span class='ocrx_word' id='word_1_206' title='bbox 1286 3046 1542 3156; x_wconf 83' lang='lat' dir='ltr'><strong>licentiusque·</strong></span> <span class='ocrx_word' id='word_1_207' title='bbox 1562 3035 1625 3130; x_wconf 73' lang='lat' dir='ltr'><strong>lir-</strong></span> 
     </span>
     <span class='ocr_line' id='line_1_24' title="bbox 219 3167 1674 3276; baseline 0.003 -24"><span class='ocrx_word' id='word_1_208' title='bbox 219 3193 337 3252; x_wconf 83' lang='lat' dir='ltr'><strong>turos.</strong></span> <span class='ocrx_word' id='word_1_209' title='bbox 385 3172 561 3250; x_wconf 84' lang='lat' dir='ltr'><strong>Metellus</strong></span> <span class='ocrx_word' id='word_1_210' title='bbox 584 3171 727 3249; x_wconf 82' lang='lat' dir='ltr'><strong>interea</strong></span> <span class='ocrx_word' id='word_1_211' title='bbox 745 3172 905 3246; x_wconf 88' lang='lat' dir='ltr'><strong>Romam</strong></span> <span class='ocrx_word' id='word_1_212' title='bbox 920 3167 1132 3276; x_wconf 83' lang='lat' dir='ltr'><strong>profectus,</strong></span> <span class='ocrx_word' id='word_1_213' title='bbox 1156 3186 1288 3248; x_wconf 85' lang='lat' dir='ltr'><strong>contra</strong></span> <span class='ocrx_word' id='word_1_214' title='bbox 1306 3197 1412 3276; x_wconf 89' lang='lat' dir='ltr'><strong>spem</strong></span> <span class='ocrx_word' id='word_1_215' title='bbox 1423 3197 1539 3274; x_wconf 83' lang='lat' dir='ltr'><strong>suam</strong></span> <span class='ocrx_word' id='word_1_216' title='bbox 1556 3175 1674 3256; x_wconf 77' lang='lat' dir='ltr'><strong>lae-cs</strong></span> 
     </span>
    </p>
   </div>
   <div class='ocr_carea' id='block_1_3' title="bbox 220 3373 815 3464">
    <p class='ocr_par' dir='ltr' id='par_1_3' title="bbox 220 3373 815 3464">
     <span class='ocr_line' id='line_1_25' title="bbox 220 3373 815 3464; baseline -0.013 -22"><span class='ocrx_word' id='word_1_217' title='bbox 220 3373 815 3464; x_wconf 65' lang='lat' dir='ltr'><strong>t.g.i.k.1.E11.Bas1.t.Bem.1.3</strong></span> 
     </span>
    </p>
   </div>
   <div class='ocr_carea' id='block_1_4' title="bbox 217 3498 1623 3909">
    <p class='ocr_par' dir='ltr' id='par_1_4' title="bbox 217 3498 1623 3909">
     <span class='ocr_line' id='line_1_26' title="bbox 305 3498 1621 3590; baseline 0.003 -21"><span class='ocrx_word' id='word_1_218' title='bbox 305 3507 379 3590; x_wconf 80' lang='lat' dir='ltr'><strong>Cup.</strong></span> <span class='ocrx_word' id='word_1_219' title='bbox 390 3508 440 3569; x_wconf 80' lang='lat'><strong>86.</strong></span> <span class='ocrx_word' id='word_1_220' title='bbox 459 3516 569 3568; x_wconf 79' lang='lat' dir='ltr'><strong>erectos</strong></span> <span class='ocrx_word' id='word_1_221' title='bbox 586 3502 668 3564; x_wconf 83' lang='lat' dir='ltr'><strong>Leid.</strong></span> <span class='ocrx_word' id='word_1_222' title='bbox 681 3503 709 3567; x_wconf 84' lang='lat' dir='ltr'><strong>l.</strong></span> <span class='ocrx_word' id='word_1_223' title='bbox 721 3524 763 3563; x_wconf 89' lang='lat' dir='ltr'><strong>m.</strong></span> <span class='ocrx_word' id='word_1_224' title='bbox 782 3500 980 3564; x_wconf 66' lang='lat' dir='ltr'><strong>uirtutibus</strong></span> <span class='ocrx_word' id='word_1_225' title='bbox 998 3498 1083 3562; x_wconf 84' lang='lat' dir='ltr'><strong>Fabr.</strong></span> <span class='ocrx_word' id='word_1_226' title='bbox 1102 3521 1127 3562; x_wconf 86' lang='lat'><strong>1.</strong></span> <span class='ocrx_word' id='word_1_227' title='bbox 1146 3499 1213 3562; x_wconf 85' lang='lat' dir='ltr'><strong>Eoo.</strong></span> <span class='ocrx_word' id='word_1_228' title='bbox 1242 3502 1368 3580; x_wconf 79' lang='lat' dir='ltr'><strong>logolmn</strong></span> <span class='ocrx_word' id='word_1_229' title='bbox 1388 3523 1449 3565; x_wconf 87' lang='lat' dir='ltr'><strong>om.</strong></span> <span class='ocrx_word' id='word_1_230' title='bbox 1470 3504 1551 3568; x_wconf 81' lang='lat' dir='ltr'><strong>Leid.</strong></span> <span class='ocrx_word' id='word_1_231' title='bbox 1564 3529 1590 3570; x_wconf 85' lang='lat' dir='ltr'><strong>c.</strong></span> <span class='ocrx_word' id='word_1_232' title='bbox 1601 3513 1621 3574; x_wconf 86' lang='lat' dir='ltr'><strong>l.</strong></span> 
     </span>
     <span class='ocr_line' id='line_1_27' title="bbox 217 3604 1620 3695; baseline -0.005 -15"><span class='ocrx_word' id='word_1_233' title='bbox 217 3634 360 3680; x_wconf 73' lang='lat' dir='ltr'><strong>meam</strong></span> <span class='ocrx_word' id='word_1_234' title='bbox 377 3615 418 3675; x_wconf 78' lang='lat' dir='ltr'><strong>ita</strong></span> <span class='ocrx_word' id='word_1_235' title='bbox 429 3611 552 3695; x_wconf 84' lang='lat' dir='ltr'><strong>plurimi</strong></span> <span class='ocrx_word' id='word_1_236' title='bbox 566 3605 635 3668; x_wconf 87' lang='lat' dir='ltr'><strong>libri</strong></span> <span class='ocrx_word' id='word_1_237' title='bbox 644 3647 657 3679; x_wconf 90' lang='lat'><em>,</em></span> <span class='ocrx_word' id='word_1_238' title='bbox 674 3627 711 3666; x_wconf 84' lang='lat' dir='ltr'><strong>ex</strong></span> <span class='ocrx_word' id='word_1_239' title='bbox 730 3606 812 3669; x_wconf 78' lang='lat' dir='ltr'><strong>leid.</strong></span> <span class='ocrx_word' id='word_1_240' title='bbox 825 3627 853 3668; x_wconf 78' lang='lat' dir='ltr'><strong>a.</strong></span> <span class='ocrx_word' id='word_1_241' title='bbox 868 3607 890 3666; x_wconf 78' lang='lat' dir='ltr'><strong>l.</strong></span> <span class='ocrx_word' id='word_1_242' title='bbox 902 3608 924 3666; x_wconf 91' lang='lat' dir='ltr'><strong>i.</strong></span> <span class='ocrx_word' id='word_1_243' title='bbox 938 3605 966 3666; x_wconf 82' lang='lat' dir='ltr'><strong>k.</strong></span> <span class='ocrx_word' id='word_1_244' title='bbox 977 3609 1001 3669; x_wconf 90' lang='lat'><strong>1.</strong></span> <span class='ocrx_word' id='word_1_245' title='bbox 1015 3625 1055 3666; x_wconf 86' lang='lat' dir='ltr'><strong>m.</strong></span> <span class='ocrx_word' id='word_1_246' title='bbox 1076 3623 1156 3670; x_wconf 75' lang='lat' dir='ltr'><strong>curu</strong></span> <span class='ocrx_word' id='word_1_247' title='bbox 1171 3604 1267 3669; x_wconf 86' lang='lat' dir='ltr'><strong>Guell.</strong></span> <span class='ocrx_word' id='word_1_248' title='bbox 1278 3607 1308 3678; x_wconf 70' lang='grc'><strong>4.</strong></span> <span class='ocrx_word' id='word_1_249' title='bbox 1323 3628 1418 3688; x_wconf 71' lang='lat' dir='ltr'><strong>impr.</strong></span> <span class='ocrx_word' id='word_1_250' title='bbox 1433 3611 1520 3674; x_wconf 82' lang='lat' dir='ltr'><strong>celeri</strong></span> <span class='ocrx_word' id='word_1_251' title='bbox 1540 3611 1620 3679; x_wconf 70' lang='lat' dir='ltr'><strong>leid.</strong></span> 
     </span>
     <span class='ocr_line' id='line_1_28' title="bbox 218 3709 1623 3800; baseline -0.004 -18"><span class='ocrx_word' id='word_1_252' title='bbox 218 3739 326 3783; x_wconf 80' lang='lat' dir='ltr'><strong>omncs</strong></span> <span class='ocrx_word' id='word_1_253' title='bbox 335 3719 431 3791; x_wconf 74' lang='lat' dir='ltr'><strong>nivii,</strong></span> <span class='ocrx_word' id='word_1_254' title='bbox 451 3717 582 3800; x_wconf 82' lang='lat' dir='ltr'><strong>quinquo</strong></span> <span class='ocrx_word' id='word_1_255' title='bbox 595 3713 709 3774; x_wconf 71' lang='lat' dir='ltr'><strong>wanti.</strong></span> <span class='ocrx_word' id='word_1_256' title='bbox 737 3733 812 3774; x_wconf 80' lang='lat' dir='ltr'><strong>cura</strong></span> <span class='ocrx_word' id='word_1_257' title='bbox 835 3713 903 3774; x_wconf 78' lang='lat' dir='ltr'><strong>Eoo.</strong></span> <span class='ocrx_word' id='word_1_258' title='bbox 922 3709 973 3774; x_wconf 76' lang='lat' dir='ltr'><strong>Ac.</strong></span> <span class='ocrx_word' id='word_1_259' title='bbox 994 3709 1142 3772; x_wconf 83' lang='lat' dir='ltr'><strong>Commel.</strong></span> <span class='ocrx_word' id='word_1_260' title='bbox 1162 3709 1250 3772; x_wconf 81' lang='lat' dir='ltr'><strong>Palct</strong></span> <span class='ocrx_word' id='word_1_261' title='bbox 1265 3711 1293 3773; x_wconf 88' lang='lat'><strong>6.</strong></span> <span class='ocrx_word' id='word_1_262' title='bbox 1315 3711 1414 3775; x_wconf 83' lang='lat' dir='ltr'><strong>Psmb.</strong></span> <span class='ocrx_word' id='word_1_263' title='bbox 1435 3733 1476 3775; x_wconf 87' lang='lat' dir='ltr'><strong>m.</strong></span> <span class='ocrx_word' id='word_1_264' title='bbox 1490 3735 1537 3796; x_wconf 87' lang='lat' dir='ltr'><strong>pr.</strong></span> <span class='ocrx_word' id='word_1_265' title='bbox 1567 3738 1623 3800; x_wconf 87' lang='lat' dir='ltr'><strong>op-</strong></span> 
     </span>
     <span class='ocr_line' id='line_1_29' title="bbox 217 3811 1621 3909; baseline -0.006 -22"><span class='ocrx_word' id='word_1_266' title='bbox 217 3835 342 3909; x_wconf 69' lang='lat' dir='ltr'><strong>portuit.</strong></span> <span class='ocrx_word' id='word_1_267' title='bbox 363 3823 518 3885; x_wconf 81' lang='lat' dir='ltr'><strong>deteriores</strong></span> <span class='ocrx_word' id='word_1_268' title='bbox 530 3819 599 3881; x_wconf 85' lang='lat' dir='ltr'><strong>libri</strong></span> <span class='ocrx_word' id='word_1_269' title='bbox 621 3828 662 3879; x_wconf 83' lang='lat' dir='ltr'><strong>est</strong></span> <span class='ocrx_word' id='word_1_270' title='bbox 679 3822 725 3884; x_wconf 77' lang='lat' dir='ltr'><strong>vel</strong></span> <span class='ocrx_word' id='word_1_271' title='bbox 743 3827 809 3884; x_wconf 82' lang='lat' dir='ltr'><strong>erat</strong></span> <span class='ocrx_word' id='word_1_272' title='bbox 828 3816 952 3884; x_wconf 74' lang='lat' dir='ltr'><strong>addunt.</strong></span> <span class='ocrx_word' id='word_1_273' title='bbox 974 3813 1048 3877; x_wconf 76' lang='lat' dir='ltr'><strong>dieb.</strong></span> <span class='ocrx_word' id='word_1_274' title='bbox 1062 3833 1150 3898; x_wconf 81' lang='lat' dir='ltr'><strong>pauc.</strong></span> <span class='ocrx_word' id='word_1_275' title='bbox 1167 3811 1252 3876; x_wconf 79' lang='lat' dir='ltr'><strong>Febr.</strong></span> <span class='ocrx_word' id='word_1_276' title='bbox 1280 3813 1349 3884; x_wconf 79' lang='lat' dir='ltr'><strong>Tur.</strong></span> <span class='ocrx_word' id='word_1_277' title='bbox 1370 3815 1433 3880; x_wconf 83' lang='lat' dir='ltr'><strong>Bas.</strong></span> <span class='ocrx_word' id='word_1_278' title='bbox 1453 3815 1482 3894; x_wconf 65' lang='lat' dir='ltr'><strong>l.</strong></span> <span class='ocrx_word' id='word_1_279' title='bbox 1508 3819 1621 3884; x_wconf 71' lang='lat' dir='ltr'><strong>videret</strong></span> 
     </span>
    </p>
   </div>
   <div class='ocr_carea' id='block_1_5' title="bbox 217 3929 1621 4250">
    <p class='ocr_par' dir='ltr' id='par_1_5' title="bbox 217 3929 1621 4250">
     <span class='ocr_line' id='line_1_30' title="bbox 305 3929 429 3996; baseline 0 -3"><span class='ocrx_word' id='word_1_280' title='bbox 305 3929 390 3996; x_wconf 74' lang='lat' dir='ltr'><strong>sem.</strong></span> <span class='ocrx_word' id='word_1_281' title='bbox 402 3949 429 3995; x_wconf 89' lang='lat'><strong>1.</strong></span> 
     </span>
     <span class='ocr_line' id='line_1_31' title="bbox 219 3949 1621 4141; baseline -0.003 -19"><span class='ocrx_word' id='word_1_282' title='bbox 219 3949 287 4014; x_wconf 60' lang='grc' dir='ltr'><em>Μ</em></span> <span class='ocrx_word' id='word_1_283' title='bbox 304 4057 379 4141; x_wconf 79' lang='lat' dir='ltr'><strong>Cap.</strong></span> <span class='ocrx_word' id='word_1_284' title='bbox 391 4059 442 4141; x_wconf 87' lang='lat'><strong>87.</strong></span> <span class='ocrx_word' id='word_1_285' title='bbox 462 4053 530 4137; x_wconf 82' lang='lat' dir='ltr'><strong>capi</strong></span> <span class='ocrx_word' id='word_1_286' title='bbox 546 4049 645 4114; x_wconf 68' lang='lat' dir='ltr'><strong>occidi</strong></span> <span class='ocrx_word' id='word_1_287' title='bbox 662 4048 775 4116; x_wconf 78' lang='lat' dir='ltr'><strong>Febris.</strong></span> <span class='ocrx_word' id='word_1_288' title='bbox 787 4015 816 4114; x_wconf 69' lang='lat' dir='ltr'><strong>d.</strong></span> <span class='ocrx_word' id='word_1_289' title='bbox 842 4044 945 4112; x_wconf 72' lang='lat' dir='ltr'><strong>invadi</strong></span> <span class='ocrx_word' id='word_1_290' title='bbox 957 4065 1048 4131; x_wconf 76' lang='lat' dir='ltr'><strong>potet·</strong></span> <span class='ocrx_word' id='word_1_291' title='bbox 1065 4063 1146 4131; x_wconf 78' lang='lat' dir='ltr'><strong>potat</strong></span> <span class='ocrx_word' id='word_1_292' title='bbox 1166 4064 1228 4109; x_wconf 82' lang='lat' dir='ltr'><strong>om.</strong></span> <span class='ocrx_word' id='word_1_293' title='bbox 1249 4043 1347 4112; x_wconf 78' lang='lat' dir='ltr'><strong>Guslt</strong></span> <span class='ocrx_word' id='word_1_294' title='bbox 1363 4047 1392 4117; x_wconf 74' lang='grc' dir='ltr'><strong>ὅ.</strong></span> <span class='ocrx_word' id='word_1_295' title='bbox 1422 4048 1508 4116; x_wconf 74' lang='lat' dir='ltr'><strong>latiur</strong></span> <span class='ocrx_word' id='word_1_296' title='bbox 1527 4050 1621 4118; x_wconf 76' lang='lat' dir='ltr'><strong>licen·</strong></span> 
     </span>
     <span class='ocr_line' id='line_1_32' title="bbox 217 4159 671 4250; baseline -0.02 -19"><span class='ocrx_word' id='word_1_297' title='bbox 217 4166 333 4250; x_wconf 66' lang='grc' dir='ltr'><strong>ὶίιιεᾳιω</strong></span> <span class='ocrx_word' id='word_1_298' title='bbox 350 4165 421 4230; x_wconf 70' lang='lat' dir='ltr'><strong>Vm.</strong></span> <span class='ocrx_word' id='word_1_299' title='bbox 441 4160 493 4224; x_wconf 75' lang='lat' dir='ltr'><strong>Ae.</strong></span> <span class='ocrx_word' id='word_1_300' title='bbox 513 4159 612 4228; x_wconf 78' lang='lat' dir='ltr'><strong>Gucll.</strong></span> <span class='ocrx_word' id='word_1_301' title='bbox 625 4179 671 4222; x_wconf 82' lang='grc' dir='ltr'><strong>ιι.</strong></span> 
     </span>
    </p>
   </div>
   <div class='ocr_carea' id='block_1_6' title="bbox 1245 4271 1271 4334">
    <p class='ocr_par' dir='ltr' id='par_1_6' title="bbox 1245 4271 1271 4334">
     <span class='ocr_line' id='line_1_33' title="bbox 1245 4271 1271 4334; baseline 0 0"><span class='ocrx_word' id='word_1_302' title='bbox 1245 4271 1271 4334; x_wconf 65' lang='lat' dir='ltr'><strong>aa</strong></span> 
     </span>
    </p>
   </div>
   <div class='ocr_carea' id='block_1_7' title="bbox 0 0 1930 4867">
    <p class='ocr_par' dir='ltr' id='par_1_7' title="bbox 0 0 1930 4867">
     <span class='ocr_line' id='line_1_34' title="bbox 0 0 1930 4867; baseline 0 7"><span class='ocrx_word' id='word_1_303' title='bbox 0 0 1930 4867; x_wconf 95' lang='lat' dir='ltr'><strong> </strong></span> 
     </span>
    </p>
   </div>
  </div>
 </body>
</html>
