3850 4867
1505 363 1567 521 '59

165 636 217 691 lus
241 632 294 690 ubi
314 666 331 678 ·
351 637 483 695 tumultu
504 632 663 693 formidine
687 644 777 695 terror
796 666 815 683 -
843 634 900 693 lusi
923 636 1036 715 liatigati
1059 636 1193 714 -plures
1213 652 1248 692 eo
1266 631 1372 711 praelio
1390 660 1407 673 -
1426 644 1490 685 ιοο.
1510 644 1572 708 ⁰⁰⁹7

165 740 250 808 perat
263 728 387 791 hiberna
404 742 524 812 propter
541 743 741 791 commeatum
754 767 769 778 -
789 730 824 791 l.
838 731 967 802 Manlius
978 730 1178 789 funditoribus
1194 762 1212 775 -
1227 732 1414 809 intentusque
1429 721 1537 783 milites
1556 754 1571 765 -

164 828 223 885 iter
236 828 342 886 faceret
361 863 376 873 -
400 830 512 909 illoque
527 830 652 909 aliisque
670 864 686 877 -
700 833 780 889 malo
799 828 916 889 verbere
932 830 1089 887 exereitum
1111 861 1127 871 -
1147 825 1265 903 aiebant
1282 825 1363 906 qnod
1382 845 1398 882 a
1416 822 1542 903 pueritia
1556 852 1571 863 -
1655 840 1658 843 ·

169 943 238 982 ιοι.
257 922 335 983 idem
357 945 460 984 omues
481 926 579 1009 signil.
600 960 617 972 ·
636 928 670 987 in
683 926 820 985 manibus
832 936 973 987 venerant
992 922 1086 982 -hoc
1107 922 1199 981 modo
1219 923 1330 1003 equites
1348 956 1366 967 -
1384 919 1490 988 morati
1508 918 1571 975 lue-

163 1031 235 1079 rant
254 1053 273 1067 -
292 1022 405 1101 primos
421 1021 541 1104 agebat,
564 1023 645 1104 quod
662 1058 679 1070 -
698 1024 834 1104 plurimis
855 1032 924 1081 erat.
945 1019 1059 1079 Deinde
1080 1052 1097 1065 ·
1113 1040 1205 1099 quam
1223 1019 1284 1078 lide
1303 1027 1446 1078 terrentur
1459 1050 1475 1061 ·
1495 1014 1572 1073 acri·

163 1136 199 1175 ns
214 1116 316 1177 cedere
335 1152 352 1163 -
369 1122 526 1199 paululum
541 1142 558 1179 a
574 1122 641 1201 luga
648 1119 770 1180 aberant
783 1154 799 1165 -
812 1116 993 1179 vitabundus
1008 1118 1107 1197 erupit
1126 1151 1142 1162 -
1161 1118 1203 1175 sic
1216 1118 1303 1175 multi
1314 1114 1458 1176 volnerib.
1471 1148 1487 1160 -
1505 1134 1572 1171 oru-

165 1215 217 1274 nia
236 1219 313 1289 loca,
336 1236 394 1297 qua
406 1218 484 1277 visus
494 1251 509 1262 -
535 1238 602 1277 102.
623 1220 763 1297 quintum
777 1238 865 1297 quem
877 1214 996 1274 barbari
1015 1246 1035 1261 -
1054 1235 1114 1295 qno
1128 1214 1281 1295 ingenium
1299 1224 1351 1271 aut
1370 1248 1386 1259 -
1406 1213 1504 1271 leticia
1515 1230 1574 1269 no-

165 1310 212 1371 his
234 1346 250 1357 -
269 1323 358 1393 atque
375 1316 627 1373 sceleratissimum
642 1315 777 1395 persequi
797 1348 815 1359 -
832 1314 994 1393 utiliusque
1013 1312 1069 1371 rati
1090 1354 1100 1369 .
1119 1360 1128 1377 .
1147 1312 1291 1391 imperare
1309 1343 1326 1355 -
1345 1310 1416 1389 quia
1431 1309 1536 1389 procul
1557 1340 1573 1354 ·

162 1409 201 1467 ad
223 1408 283 1469 hoc
302 1432 394 1491 usque
416 1420 532 1491 tempus
550 1445 566 1457 -
596 1431 679 1469 nunc
711 1430 764 1491 per
796 1412 878 1469 illam
910 1410 980 1469 licet
1009 1443 1027 1453 -
1043 1411 1195 1487 multaque
1223 1412 1372 1487 op'artnna
1401 1442 1417 1453 -
1435 1407 1572 1465 victum:

163 1506 242 1567 Nam
264 1542 278 1552 -
300 1506 571 1589 undeJugurtham
592 1512 742 1589 expulerat
760 1542 777 1553 -
795 1506 833 1565 ab
850 1507 953 1565 amicis
974 1507 1060 1564 lessus
1085 1539 1101 1550 -
1130 1504 1195 1564 103.
1217 1515 1374 1563 evenerant
1392 1537 1411 1551 -
1431 1524 1465 1562 ex
1485 1504 1571 1583 copia

163 1624 303 1664 necessar.
322 1636 342 1651 -
366 1604 493 1663 Marium
527 1604 635 1663 deinde
658 1605 683 1663 si
715 1638 732 1649 -
759 1605 905 1684 permittit
925 1604 986 1661 illis
1007 1602 1164 1681 -spoliati,
1196 1599 1296 1681 paridi
1318 1635 1335 1647 ·
1354 1601 1420 1672 104.
1451 1602 1572 1682 negotio

164 1704 320 1776 conlecte,
342 1722 402 1782 quo
423 1736 438 1747 -
460 1713 489 1761 et
511 1700 548 1761 de
566 1702 696 1763 adventu
714 1700 843 1759 -sactus
867 1711 908 1758 est
923 1734 939 1745 -
956 1699 1044 1758 Rom.
1066 1698 1156 1758 eundi
1175 1710 1299 1779 potestas
1320 1702 1357 1759 lit
1375 1733 1391 1744 -
1411 1698 1574 1779 impetratis

163 1796 306 1856 omnibus
323 1798 410 1857 rebus
429 1833 445 1844 -
464 1799 534 1878 stip.
559 1799 592 1857 in
617 1796 746 1857 Africam
770 1796 936 1876 partaverat
956 1807 1064 1855 ·tnnc
1083 1807 1205 1870 cetera,
1225 1816 1295 1855 cnm
1321 1796 1534 1877 benignitatem
1554 1828 1573 1839 ·

166 1894 235 1952 105.
251 1900 334 1971 cujus
351 1892 493 1954 arbitratu
514 1894 724 1953 communibus
742 1894 907 1973 -equitum
928 1892 1065 1973 peditum
1082 1892 1168 1952 -sed
1189 1894 1292 1953 itinere
1319 1927 1336 1939 -
1351 1896 1570 1973 exploraturum

162 1992 244 2049 missi
264 2024 280 2036 -
304 1992 370 2055 106.
392 1992 438 2049 illi
455 1992 544 2051 simul
564 2022 583 2039 -
602 2012 661 2050 esse
681 1992 801 2049 missum
825 1989 954 2070 denique
974 2023 994 2074 ².
1010 1990 1097 2049 illum
1117 2000 1146 2050 et
1155 2010 1237 2070 prox.
1258 2023 1277 2037 -
1296 2012 1314 2049 a
1330 1993 1440 2070 specul.
1462 2025 1479 2036 -
1502 2010 1570 2070 ¹⁰7·

163 2086 200 2145 ab
216 2084 352 2147 hostibus
370 2098 480 2148 vertere
499 2122 516 2134 -
535 2108 572 2147 ac
589 2086 719 2169 perfidia,
738 2121 757 2133 -·
774 2106 906 2167 opesque
926 2107 960 2146 ex
979 2096 1063 2166 patre
1081 2121 1099 2133 -
1124 2088 1189 2147 108.
1211 2087 1290 2147 bona
1303 2099 1459 2168 acceptus,
1478 2107 1567 2168 quem

163 2210 179 2230 a
203 2187 538 2263 109.0ccutte,nulto
564 2217 582 2229 -
608 2186 654 2246 vir
678 2185 823 2244 sententia
841 2184 985 2243 ambobus
1007 2220 1025 2231 -
1047 2203 1113 2244 ιιο.
1138 2184 1221 2267 quad
1243 2186 1332 2244 lraerit
1356 2183 1431 2243 mihi
1460 2184 1571 2265 eguisse

161 2279 328 2359 aliquanda
350 2283 449 2361 precio
476 2292 532 2341 tuae
557 2280 695 2341 amicitiae
722 2315 740 2326 -
768 2280 805 2342 de
824 2281 975 2362 republica
996 2288 1082 2361 cujus
1101 2316 1117 2327 ·
1139 2303 1204 2342 111.
1225 2284 1361 2343 amicitia
1382 2280 1475 2341 loedus
1495 2314 1510 2326 ·
1530 2277 1568 2337 ad

162 2372 225 2435 huc
238 2388 366 2437 metuere
387 2412 402 2423 ·
422 2380 509 2440 invisi
525 2389 607 2438 erant
627 2411 646 2423 -
667 2396 733 2437 ιιι.
752 2378 786 2436 in
805 2388 896 2437 castra
911 2377 931 2435 J
933 2400 981 2460 ug.
995 2381 1192 2458 proficiscitur
1211 2413 1231 2427 -
1249 2391 1364 2439 senatus
1374 2390 1403 2439 et
1417 2386 1498 2458 jussu
1511 2397 1569 2457 po·

163 2474 230 2552 puli
251 2508 267 2519 -
286 2475 318 2532 in
336 2473 466 2534 hostium
490 2486 664 2555 potestatem
692 2508 708 2519 -
740 2472 805 2535 113.
826 2475 868 2532 Ea
890 2494 1010 2533 maurus
1029 2477 1214 2553 -promittit
1242 2511 1258 2523 -
1295 2478 1424 2538 Marium
1445 2474 1570 2534 deduci-

164 2579 213 2629 tur
242 2604 261 2617 -
294 2566 383 2635 Italiss
401 2572 594 2631 intremuerat
613 2606 630 2617 -
645 2572 779 2631 vinctum
806 2569 915 2629 adduci
939 2571 1114 2631 nunciatum
1136 2570 1284 2652 (Roranam
1304 2573 1413 2649 deest).

245 2667 384 2727 Ceterum
395 2672 434 2729 V.
447 2668 495 2728 Cl.
510 2669 639 2749 Peyron,
662 2664 738 2725 mihi
758 2667 935 2747 significarit
958 2672 1002 2725 in·
1015 2665 1110 2725 Codd.
1133 2668 1331 2750 Palimpsestis
1340 2691 1369 2729 se
1382 2669 1475 2745 nihil,
1486 2667 1568 2749 quod

162 2764 200 2821 ad
221 2763 383 2823 Salustium
407 2767 567 2845 pertineret
587 2767 749 2837 invenisse,
769 2765 811 2822 ita
830 2774 864 2822 ut
881 2784 945 2843 spes
966 2761 1135 2841 abjicienda
1154 2786 1211 2824 esse
1229 2766 1380 2842 videatur,
1402 2768 1462 2825 lore
1483 2777 1516 2824 ut
1536 2786 1569 2824 ex

162 2861 226 2919 istis
242 2859 323 2917 libris
343 2863 389 2920 rel
415 2863 578 2943 fragmenta
597 2860 710 2920 inedita
735 2864 780 2920 rel
806 2862 947 2919 lectiones
970 2862 1181 2939 praestantiores
1195 2875 1346 2924 eruantur.
1387 2869 1453 2925 Hoc
1468 2875 1566 2922 tamen

164 2955 240 3014 mihi
251 2958 357 3015 solatio
368 2968 421 3031 est,
437 2956 519 3038 quod
535 2959 665 3018 initalia
679 2960 797 3015 nullum
805 2959 851 3016 rel
863 2958 1055 3037 paucissimos
1068 2957 1159 3018 libros
1171 2966 1242 3021 Mes.
1251 2961 1433 3020 Salustianos
1442 2960 1568 3019 inveniri

162 3074 247 3134 posse
264 3056 415 3130 existimo,
438 3074 511 3135 quos
531 3076 594 3114 uon
610 3065 662 3114 aut
680 3055 844 3113 accuratius
865 3054 1092 3113 examinarerim
1108 3067 1160 3116 aut
1178 3058 1221 3117 ita
1240 3069 1319 3119 certe
1334 3057 1507 3119 exmasserim
1524 3067 1568 3131 ut,

162 3150 238 3229 quid
259 3150 295 3209 de
313 3153 349 3211 iis
373 3151 562 3211 statuendum
573 3158 611 3211 sit
617 3193 628 3225 ,
650 3152 805 3235 cognitum
830 3148 969 3214 habeam.

768 3327 860 3391 Cerri
878 3334 978 3391 enula:

183 3433 253 3515 Peg.
272 3434 321 3507 48.
341 3435 399 3500 liu.
421 3455 470 3496 ιι.
489 3433 701 3495 Grammatecis
721 3455 747 3496 c.
768 3353 996 3500 Grambaaticos.
1014 3471 1056 3488 -
1075 3440 1131 3500 lin.
1156 3439 1202 3512 14.
1218 3441 1340 3523 quidam
1363 3461 1390 3502 c.
1411 3439 1543 3522 quidem.
